1884 3288
873 208 1271 254 CARMINUM

546 305 648 346 Neu
667 305 789 347 multi
809 307 999 350 Damalis
1019 312 1124 351 meri

600 371 784 413 Bassum
805 373 1006 416 Threicia
1025 377 1165 418 vincat
1186 378 1417 431 amystide:

465 438 516 478 15
545 438 647 479 Neu
667 440 807 480 desint
827 440 964 495 epulis
985 457 1109 491 rosae,

600 505 702 546 Neu
722 507 844 547 vivax
863 509 1020 561 apium,
1041 523 1126 549 neu
1146 510 1273 550 breve
1294 509 1439 550 lilium.

546 571 707 613 Omnes
727 573 770 614 in
793 573 990 614 Damalin
1009 581 1158 628 putres

600 638 833 693 Deponent
853 640 1020 690 oculos3
1051 655 1128 682 nec
1151 641 1340 682 Damalis
1362 656 1471 683 novo

543 704 783 746 Divelletur
803 706 1014 756 adultero,

458 772 514 811 320

600 772 791 813 Lascivis
813 773 983 814 hederis
1005 773 1279 815 ambitiosior.

794 937 1063 979 CARMEN
1096 938 1339 979 XXXVII.

880 1087 948 1117 AD
981 1087 1231 1118 SODALES.

533 1178 671 1219 NUNC
691 1186 756 1220 est
776 1180 1024 1228 bibendum,
1046 1195 1158 1221 nunc
1179 1181 1290 1234 pede
1310 1180 1445 1222 libero

536 1246 754 1288 Pulsanda
774 1245 914 1296 tellus,
936 1261 1049 1288 nunc
1072 1246 1306 1288 Saliaribus

309 1352 431 1385 onibus.
477 1355 613 1390 Bassum,
636 1355 789 1396 insignem
814 1355 893 1386 inter
917 1356 1041 1386 sodales

307 1401 490 1435 potatorem.
532 1400 698 1438 Amystide,
718 1398 748 1428 h.
767 1409 794 1428 e.
809 1408 870 1428 uno
886 1398 994 1439 spiritu
1010 1403 1041 1429 et

309 1437 422 1468 haustu
443 1440 588 1480 poculum
609 1440 835 1470 exhauriendo:
857 1443 979 1480 amystis
993 1446 1040 1471 est

307 1489 367 1509 vox
385 1480 507 1516 Graeca,
524 1482 683 1522 Hesychio
697 1483 870 1523 interprete,
893 1483 1041 1523 συνεχὴς

309 1522 419 1559 πόσις,
444 1523 516 1554 hinc
539 1525 622 1565 apud
645 1524 764 1554 Anacr.
784 1525 847 1558 xxi,
868 1526 900 1558 2,
926 1525 1038 1555 πίνειν

309 1563 442 1604 ἀμυστί·
466 1572 593 1596 vocatur
616 1567 682 1596 liaec
698 1565 820 1596 avidius
840 1576 903 1596 uno
925 1565 1037 1597 haustu

305 1606 410 1636 vinum
434 1608 619 1638 absorbendi
649 1608 726 1638 ratio
751 1607 897 1642 Thracia,
921 1617 940 1638 a
966 1614 1036 1639 nota

306 1647 460 1679 Thracum
496 1650 668 1680 vinolentia
685 1661 693 1679 ε
738 1650 868 1680 laudant
905 1650 1035 1681 Callim.

308 1689 431 1730 Fragm.
448 1692 574 1733 (Bentl.
587 1693 649 1728 cix,
664 1703 695 1733 p.
713 1693 787 1726 481,
801 1691 877 1722 edit.
895 1692 1035 1732 Ernest.)

306 1733 371 1762 Καὶ
384 1734 449 1774 γὰρ
464 1733 480 1764 ὁ
494 1735 655 1776 Θρηϊκίην
665 1735 728 1775 μὲν
739 1732 892 1775 ἀνήνατο
905 1733 1036 1774 χανδὸν

298 1772 465 1815 ''Apum-zv
482 1777 697 1818 ζωροποτεῖν.
742 1778 853 1815 Apium
867 1777 967 1811 vivax,
981 1776 1035 1807 diu

302 1816 433 1847 viridem
463 1819 597 1848 colorem
628 1828 718 1848 suurn
749 1828 875 1848 servans
889 1829 897 1855 ;
939 1820 1033 1855 breve,

301 1857 393 1889 breve
409 1865 532 1901 tempus
548 1861 671 1895 florens.
689 1865 724 1890 ut
740 1861 834 1890 brevis
848 1871 911 1890 rosa
929 1859 984 1890 inf.
1001 1860 1033 1896 ii,

302 1900 332 1936 3,
351 1901 402 1932 13.
447 1902 592 1933 Ceterum
607 1903 716 1932 florum
730 1911 805 1931 usus
821 1901 852 1931 in
866 1901 946 1932 laetis
958 1912 1032 1932 con-

303 1941 392 1972 viviis
406 1944 601 1974 notissimus:
619 1943 724 1974 cf.inf.
740 1943 846 1974 Carm.
861 1944 991 1978 xxxviii,
1004 1950 1034 1975 et

302 1984 400 2015 multa
416 1985 447 2015 in
463 1986 544 2016 hanc
557 1996 619 2016 rem
632 1991 779 2026 congesta
790 1995 807 2015 a
820 1985 909 2016 Fulv.
927 1986 1033 2018 Ursin.

301 2024 334 2055 in
351 2026 496 2069 Append.
509 2027 547 2058 ad
561 2028 714 2059 Ciaccon.
726 2028 765 2058 de
778 2027 909 2058 Triclin.
923 2038 953 2069 p.
970 2029 1031 2059 263

299 2077 368 2109 sqq.

345 2112 481 2142 17—20.
508 2111 682 2151 Deponent:
715 2111 850 2142 suaviter
879 2117 1030 2148 amantes,

300 2152 355 2192 qui
371 2153 511 2184 obtutum
529 2153 561 2184 in
577 2153 682 2195 puella
696 2153 807 2194 figunt,
824 2154 871 2184 vel
894 2163 956 2184 uno
975 2155 1030 2185 ob-

298 2199 367 2225 tutu
383 2196 414 2226 in
431 2205 468 2226 ea
485 2195 613 2231 haerent,
630 2197 774 2235 deponere
788 2198 819 2226 in
832 2196 963 2235 puellam
980 2196 1027 2226 di-

298 2242 412 2267 cuntur
421 2238 529 2272 oculos,
539 2244 569 2268 et
581 2237 705 2278 quidem
719 2245 830 2276 putres,
845 2238 875 2268 h.
885 2248 915 2268 es
926 2247 1029 2269 amore

298 2279 503 2314 tabescentes.
515 2279 644 2310 libidine
658 2285 811 2315 natantes,
821 2279 970 2311 lascivos:
988 2281 1028 2312 cf.

296 2329 366 2362 sup.
382 2322 421 2352 ad
436 2321 457 2357 i,
478 2323 528 2356 19,
546 2323 579 2353 8.
625 2322 816 2364 Comparant
829 2322 986 2353 Tlieocrit.
1003 2323 1025 2358 i,

296 2362 349 2398 90,
369 2365 435 2394 Καὶ
453 2364 490 2394 τὺ
507 2362 544 2402 δ’,
562 2364 633 2395 ἐπεί
654 2363 680 2395 κ’
700 2365 802 2406 σορῇς
821 2365 882 2401 τὰς
904 2364 1025 2406 παρθέ-

296 2416 364 2441 νος,
382 2405 434 2436 οἶα
446 2407 606 2447 γελεῦντι,
620 2406 740 2438 Τάκεαι
750 2406 935 2448 ὀφθαλμώς.
963 2407 1027 2438 Nec

297 2446 434 2478 Damalis
449 2459 521 2478 novo
539 2449 709 2479 Divelletur
724 2451 873 2483 adultera,
895 2449 1027 2480 Lascivis

295 2489 409 2520 hederis
423 2492 620 2520 ambitiosior.-
646 2501 702 2521 nec
728 2490 872 2521 Damalis
892 2490 931 2521 ab
955 2491 1025 2522 novi

294 2531 440 2562 amatoris
451 2532 656 2574 amplexibus,
667 2532 783 2574 quibus
790 2532 905 2563 arctius
913 2533 1025 2564 hedera

294 2582 327 2604 se
341 2573 527 2615 implicabit,
541 2585 593 2615 per
603 2575 700 2605 aliurn
713 2585 746 2605 se
757 2573 864 2605 divelli
878 2575 1023 2616 patietur.

293 2614 427 2648 lascivis
439 2617 568 2647 hederis.-
584 2616 726 2647 similiter
739 2618 813 2647 Hor.
827 2623 926 2647 arctos
938 2627 1022 2647 com-

290 2657 400 2698 plexus
422 2668 494 2688 cum
518 2658 630 2689 hedera
650 2658 767 2700 ubique
789 2668 822 2689 se
844 2658 1023 2699 implicante

290 2706 450 2742 comparat
464 2700 522 2731 inf.
544 2701 644 2742 Epod.
666 2702 714 2736 15,
737 2702 769 2735 5,
793 2701 916 2731 Aretias
934 2708 1022 2741 atque

288 2743 394 2773 hedera
407 2753 530 2782 procera
544 2744 750 2783 adstringitur
762 2743 829 2777 ilex,
848 2742 952 2773 Lentis
965 2746 1017 2773 nd-

287 2785 398 2815 haerens
420 2786 566 2815 brachiis.-
596 2784 637 2815 cf.
664 2784 782 2816 catull.
808 2783 865 2819 lxi,
889 2786 942 2820 34,
961 2786 1016 2816 35.

288 2827 410 2857 Hedera
425 2832 542 2862 autern,
558 2827 598 2857 ob
613 2826 682 2868 ejus
696 2827 858 2867 amplexus
873 2836 945 2857 cum
969 2827 1014 2857 la-

284 2868 450 2900 sciviorum
461 2878 508 2899 am
533 2868 656 2900 lexibus
664 2874 853 2910 comparata,
864 2868 932 2909 ipsa
941 2878 1013 2898 sua-

283 2911 360 2942 viter
381 2911 494 2942 dicitur
511 2880 636 2947 lasciva,
660 2911 743 2951 quod
765 2909 929 2953 respondet
952 2910 1013 2941 fere

283 2959 396 2990 nostro,
413 2955 553 2984 buhlend.
598 2954 799 2988 Ambitiosior,
822 2952 921 2993 magis
944 2952 1010 2982 bra-

1082 1355 1163 1387 chiis
1175 1356 1240 1387 suis
1255 1355 1405 1392 ambiens,
1418 1355 1451 1386 h.
1462 1365 1492 1386 e.
1509 1354 1624 1387 arctius
1631 1361 1664 1388 et
1674 1356 1815 1388 tenacius

1082 1397 1238 1429 inhaerens
1254 1404 1346 1438 atque
1362 1409 1393 1429 se
1407 1397 1583 1440 implicans.

1246 1482 1445 1513 CARMEN
1470 1482 1649 1512 XXXVII.

1126 1524 1197 1559 Quo
1220 1522 1344 1564 gravius
1361 1524 1418 1554 fuit
1442 1524 1614 1564 periculum
1637 1522 1720 1564 quod
1743 1523 1812 1555 Ro-

1080 1574 1173 1594 mano
1199 1565 1327 1607 imperio
1356 1565 1540 1596 moliebatur
1568 1565 1745 1607 Cleopatra,
1774 1576 1812 1597 eo

1081 1605 1181 1636 laetior
1204 1607 1358 1638 Romanis
1379 1607 1514 1638 debebat
1533 1617 1603 1638 esse
1621 1608 1756 1638 nuncius
1772 1608 1811 1639 de

1081 1654 1189 1683 morte,
1214 1659 1308 1689 quam
1335 1649 1513 1690 Cleopatra,
1540 1659 1611 1679 cum
1635 1658 1720 1680 anno
1740 1655 1812 1691 post

1080 1700 1217 1730 pugnam
1234 1691 1397 1721 Actiacam
1416 1690 1604 1733 (nccxxiv)
1620 1697 1712 1732 capta
1727 1698 1810 1724 esset

1080 1733 1119 1762 ab
1138 1732 1282 1772 Augusto
1298 1733 1501 1767 Alexandria,
1516 1731 1633 1775 aspidis
1644 1733 1683 1763 ad
1697 1743 1810 1775 corpus

1079 1774 1211 1806 admotae
1228 1785 1345 1810 morsu,
1368 1785 1407 1806 ne
1423 1775 1456 1805 in
1470 1774 1659 1817 triumphurn
1679 1775 1807 1807 ducere-

1078 1821 1138 1851 tur.
1149 1817 1207 1847 sibi
1218 1816 1380 1848 conscivit.
1411 1818 1449 1848 In
1462 1817 1516 1859 huj
1522 1827 1558 1848 us
1569 1817 1704 1859 publicae
1714 1817 1809 1858 igitur

1078 1857 1195 1889 laetitiae
1211 1860 1390 1890 societatem
1405 1859 1478 1890 dum
1495 1865 1585 1900 poeta
1599 1858 1720 1890 sodales
1734 1869 1807 1891 suos

1077 1908 1196 1935 evocat,
1209 1908 1250 1938 et,
1262 1901 1418 1941 quomodo
1433 1901 1611 1943 Cleopatra,
1626 1900 1666 1932 ad
1677 1900 1806 1932 Actium

1077 1942 1208 1982 primum
1232 1944 1271 1973 ab
1295 1945 1439 1983 Augusto
1456 1943 1550 1978 victa,
1574 1941 1687 1974 deinde
1708 1953 1807 1985 usque

1076 1993 1113 2014 eo
1127 1984 1249 2015 redacta
1263 1985 1366 2022 suerit,
1378 1991 1413 2015 ut
1425 1984 1560 2016 violenta
1569 1990 1668 2016 morte
1681 1985 1805 2027 periret,

1076 2025 1256 2058 sublimiore
1265 2027 1374 2068 spiritu
1386 2034 1519 2062 enarrat,
1527 2027 1591 2057 alia
1597 2027 1687 2068 quasi
1696 2036 1805 2068 agens,

1076 2068 1228 2108 Augusti,
1245 2074 1280 2099 ut
1296 2069 1431 2103 Romani
1445 2068 1565 2110 imperii
1583 2068 1718 2104 statoris,
1736 2069 1803 2100 lau-

1075 2108 1129 2140 des
1156 2110 1188 2140 in
1215 2110 1273 2141 hoc
1299 2111 1434 2142 carmine
1459 2110 1607 2142 celebrat.
1651 2111 1727 2142 Com
1752 2121 1806 2143 ara

1074 2161 1145 2182 curn
1163 2152 1221 2183 hoc
1235 2152 1371 2183 carmine
1382 2152 1439 2183 ins.
1457 2153 1606 2201 Epod.9;
1622 2152 1709 2194 Virg.
1753 2163 1760 2174 ·
1772 2164 1804 2186 n.

1074 2193 1138 2230 viii,
1155 2195 1237 2231 675;
1259 2201 1290 2225 et
1306 2196 1446 2236 Propert.
1462 2194 1508 2230 iii,
1527 2196 1578 2230 11.
1595 2199 1626 2226 et
1640 2194 1682 2232 iv,
1697 2195 1728 2226 6.

1118 2237 1211 2267 1—4.
1236 2237 1326 2267 Nunc
1342 2247 1413 2268 cum
1428 2236 1458 2267 vi
1472 2242 1517 2267 ter
1531 2235 1694 2279 repetitum
1709 2247 1718 2268 :
1742 2236 1800 2270 hoc

1070 2277 1132 2314 die,
1149 2279 1175 2309 si
1191 2288 1252 2320 quo
1264 2279 1337 2314 alio,
1350 2278 1405 2309 ubi
1419 2278 1598 2310 laetissimus
1612 2277 1651 2310 de
1667 2278 1801 2321 Cleopa-

1070 2324 1124 2350 troe
1141 2327 1237 2351 morte
1254 2321 1343 2352 nobis
1359 2320 1475 2352 accidit
1489 2319 1635 2357 nuncius,
1650 2321 1800 2362 potationi

1069 2367 1099 2392 et
1120 2362 1278 2393 saltationi
1302 2362 1526 2403 indulgendum
1552 2367 1612 2394 est.
1653 2361 1800 2394 Imitatus

1068 2409 1116 2434 est
1128 2405 1253 2441 Noster,
1265 2411 1299 2436 ut
1310 2405 1677 2446 observantinterpretes,
1688 2403 1800 2436 similis

1068 2447 1241 2486 argumenti
1270 2457 1395 2478 carmen
1426 2446 1538 2484 Alcaei,
1566 2446 1658 2488 cujus
1682 2445 1798 2488 primos

1067 2498 1174 2519 versus
1194 2489 1328 2520 servavit
1343 2489 1526 2526 Athenaeus,
1541 2499 1572 2523 x,
1589 2489 1621 2524 8,
1637 2490 1712 2520 Νῦν
1726 2490 1796 2530 χρὴ

1066 2531 1251 2572 μεθύσκειν,
1276 2532 1331 2563 καί
1353 2543 1428 2563 τινα
1453 2531 1539 2573 πρὸς
1558 2530 1645 2571 βίαν
1669 2531 1794 2568 πίνειν,

1067 2572 1179 2611 ἐπειδὴ
1190 2573 1331 2605 κάτθανε
1342 2573 1525 2615 Μύρσιλος.
1563 2573 1656 2604 Nunc
1665 2573 1794 2604 Saliari-

1066 2616 1128 2648 bus.
1152 2621 1224 2646 cett.
1252 2615 1302 2646 hic
1326 2615 1404 2651 dies,
1430 2614 1456 2645 si
1481 2613 1550 2656 quis
1575 2614 1666 2650 alius,
1691 2614 1794 2646 lautas

1065 2657 1186 2698 epulas,
1205 2657 1267 2688 diis
1287 2657 1320 2687 in
1338 2656 1461 2698 templis
1482 2655 1694 2698 apponendas,
1713 2655 1744 2686 li.
1763 2667 1793 2688 e.

1064 2698 1284 2730 lectisternium
1296 2699 1359 2730 sive
1371 2698 1625 2741 supplicationem
1637 2698 1794 2739 exigebat.

1064 2741 1103 2771 In
1123 2741 1404 2783 supplicationibus
1419 2740 1513 2775 enim,
1531 2739 1588 2770 ubi
1606 2739 1668 2772 diis
1680 2740 1729 2772 vel
1749 2741 1790 2772 ob

1062 2793 1111 2813 res
1125 2784 1273 2824 praeclare
1286 2783 1316 2813 in
1329 2783 1410 2813 bello
1421 2787 1535 2822 gestas,
1548 2781 1596 2812 vel
1610 2782 1650 2812 ob
1665 2782 1790 2813 felicem

1060 2825 1216 2866 quendam
1246 2835 1346 2856 rerum
1371 2830 1514 2856 eventum
1537 2823 1662 2866 publice
1682 2823 1789 2866 gratim

1058 2867 1241 2906 agebantur,
1256 2866 1400 2897 lautiores
1412 2866 1514 2908 epulae
1530 2865 1562 2896 in
1582 2875 1688 2896 eorum
1708 2872 1787 2898 tem-

1057 2909 1117 2950 plis
1140 2908 1265 2950 apponi,
1287 2915 1317 2939 et
1339 2906 1422 2939 circa
1443 2918 1496 2939 eas
1517 2906 1605 2938 strati
1626 2907 1701 2939 lecti
1722 2907 1786 2940 sive

1056 2951 1242 2992 pulvinaria.
1261 2949 1375 2990 quibus
1395 2949 1438 2980 dii
1456 2949 1494 2981 ad
1506 2949 1601 2993 ‘cibos
1617 2950 1786 2992 capiendos
