1904 3314
299 191 384 232 334

836 191 1267 234 SATIRARUM

327 289 383 330 40
412 288 474 331 At
495 289 660 331 Novius
683 288 846 344 collega
865 291 1003 345 gradu
1024 298 1122 345 post
1141 305 1208 332 me
1229 291 1351 332 sedet
1371 306 1485 341 uno3

412 355 612 410 Namque
633 363 698 398 est
718 356 802 406 ille,
824 364 946 411 pater
966 357 1082 411 quod
1103 365 1194 398 erat
1214 372 1345 398 meus.
1392 357 1491 399 Hoc
1512 357 1589 399 tibi
1609 355 1803 407 Paullus‚'

415 422 475 464 Et
496 422 685 464 Messala
704 423 891 464 videris?
923 430 966 463 at
986 423 1069 473 hic,
1091 425 1126 464 si
1147 423 1309 478 plostra
1329 426 1531 474 ducenta,

415 490 768 544 Concurrantque
790 489 882 530 foro
903 491 985 531 tria
1003 490 1169 539 funera,
1189 505 1343 545 magna
1365 491 1544 541 sonabit,

414 556 588 597 Cornua
607 557 722 610 quod
743 557 967 610 vincatque
989 557 1140 598 tubas:
1174 557 1322 598 saltem
1342 564 1458 598 tenet
1477 557 1559 599 hoc
1579 571 1671 599 nos·

328 623 384 663 45
413 622 544 664 Nunc
565 623 618 664 ad
640 638 706 663 me
726 623 857 664 redeo
877 622 1077 664 libertino
1098 631 1219 677 patre
1239 631 1398 673 natum,

413 690 555 736 Quem
576 690 734 730 rodunt
755 703 898 730 omnes
920 688 1120 730 libertino
1144 696 1264 743 patre
1286 696 1455 731 natum:

415 757 560 806 Nunc,
583 758 681 810 quia
703 771 794 796 sum
816 757 907 804 tibi,
930 756 1159 806 Maecenas,
1183 757 1425 806 convictor3
1458 762 1501 797 at
1521 755 1634 806 olim,

415 823 548 870 Quod
568 823 670 863 mihi
690 829 860 876 pareret
880 822 991 876 legio
1013 822 1208 863 Romana
1229 823 1414 863 tribuno.

414 889 631 930 Dissimile
653 889 733 930 hoc
754 888 812 929 illi
833 896 922 929 est:
955 889 1055 942 quia
1075 904 1173 937 non,
1196 896 1243 930 ut
1265 889 1386 930 forsit
1405 889 1611 930 honorem

327 957 382 997 50
411 956 439 997 J
445 971 518 997 ure
538 956 639 996 mihi
657 955 843 995 invideat
864 955 1016 1008 quivis,
1038 956 1097 996 ita
1118 963 1159 996 te
1180 970 1352 1009 quoque
1372 957 1565 1005 amicum,

414 1022 662 1063 Praesertim
683 1029 854 1062 cautum
874 1022 1027 1074 dignos
1047 1037 1275 1071 assumere,
1298 1037 1428 1076 prava

415 1090 663 1130 Ambitione
683 1087 845 1142 procul.

907 1088 1091 1129 Felicem
1113 1089 1255 1129 dicere
1275 1103 1360 1129 non
1380 1089 1463 1130 hoc

414 1156 490 1197 Me
512 1162 708 1209 possunt,
730 1170 832 1196 casu
851 1155 968 1209 quod
989 1161 1032 1195 te
1055 1155 1229 1195 sortitus
1250 1155 1451 1196 amicum:

412 1223 547 1264 Nulla
568 1222 723 1263 etenim
745 1222 822 1262 tibi
842 1236 908 1263 me
930 1221 1018 1262 fors
1040 1221 1220 1271 obtulit3
1253 1222 1438 1275 optimus
1459 1221 1557 1263 olim

330 1292 386 1331 55
414 1289 637 1344 Virgilius,
659 1295 759 1343 post
779 1288 894 1329 hunc
915 1288 1087 1337 Varius,
1110 1287 1258 1328 dixere
1279 1287 1380 1340 quid
1404 1301 1554 1328 essem.

415 1356 475 1396 Ut
496 1356 593 1396 veni
613 1369 769 1404 coram,
793 1353 1009 1408 singultim
1030 1367 1167 1407 pauca
1186 1352 1369 1402 locutus,

413 1420 574 1473 (Infans
595 1434 776 1474 namque
797 1420 937 1474 pudor
957 1419 1216 1473 prohibebat
1236 1418 1359 1473 plura
1379 1418 1572 1473 profa1·i,)
1626 1443 1629 1445 ·

412 1487 515 1529 Non
537 1501 617 1542 ego
639 1502 703 1528 me
725 1485 838 1528 claro
859 1493 1006 1526 natum
1028 1492 1165 1539 patre,
1187 1500 1270 1526 non
1292 1500 1374 1539 ego
1396 1486 1554 1527 circum

299 1636 419 1669 scilicet
443 1637 594 1668 formosus
618 1635 747 1674 haberi3
775 1641 823 1667 est
849 1635 944 1676 igitur
964 1635 1031 1676 jam

298 1687 326 1710 et
354 1679 732 1721 particula.explicativa,
760 1678 890 1709 scilicet.
934 1678 1030 1718 Impe-

297 1724 391 1757 rium,
408 1720 527 1762 imperii
543 1721 751 1751 securitatem.

340 1764 479 1794 38—41.
505 1762 588 1793 Tune
603 1763 692 1803 Syri:
714 1766 805 1804 poeta
819 1761 917 1802 fingit,
932 1770 1029 1791 unum

297 1816 336 1836 ex
366 1805 482 1847 populo
511 1805 626 1845 alloqui
655 1804 812 1835 tribunum
843 1803 944 1846 plebis
974 1802 1031 1833 ali-

297 1858 402 1888 quem,
418 1847 472 1888 qui
497 1846 609 1877 humili
631 1847 699 1877 loco
721 1852 812 1877 natus
834 1844 1032 1876 tribuniciam

297 1895 482 1930 potestatem
497 1889 652 1919 maleficos
674 1899 691 1919 e
710 1898 785 1919 saxo
801 1888 932 1929 Tarpeio
955 1887 1033 1928 deji-

298 1931 410 1962 ciendo
442 1930 669 1961 aut'carnifici
705 1930 855 1961 tradendo
892 1939 1034 1960 exercerc

298 1979 431 2014 poterat.
475 1973 580 2012 Syrus,
613 1973 722 2008 Dama,
754 1973 930 2012 Dionysius,
959 1976 1031 2001 sunt

297 2014 437 2055 vulgaria
474 2015 599 2044 nomina
639 2025 794 2044 servorum
814 2025 822 2051 ;
858 2015 982 2054 dqjicere
1017 2024 1032 2042 e

299 2068 386 2087 saxo:
403 2056 509 2087 Schol.
522 2056 632 2096 Cruq.,
644 2068 711 2086 num
722 2058 838 2086 tribuni
848 2058 938 2094 plebis
947 2057 1030 2085 dam-

299 2106 384 2129 natos
412 2100 448 2128 de
481 2110 549 2128 suso
581 2098 750 2137 Capitolino
780 2098 846 2138 (vel
880 2097 1030 2138 Tarpeio)

294 2142 481 2180 praecipitari
499 2141 661 2180 jubebant,
690 2146 744 2170 aut
773 2140 910 2179 carnifici
941 2140 1032 2170 tradi.

301 2183 427 2213 Cadmo:
441 2182 548 2213 Schol.
558 2182 645 2217 Aer„
656 2182 786 2212 Cadmus
795 2183 910 2211 dicitur
919 2192 949 2211 eo
960 2187 1031 2210 tem-

295 2226 473 2266 por-ejiaisse
496 2224 632 2265 carnifex
650 2230 723 2253 nota:
746 2225 947 2254 crudelitatis.
993 2224 1032 2252 Ae

301 2267 427 2302 Nouius,
452 2271 543 2297 cem:
567 2265 731 2306 respondet
753 2265 909 2302 tribunus,
934 2263 1029 2305 Atqui

298 2318 356 2349 ego
375 2318 436 2338 uon
451 2319 533 2338 unus
555 2318 635 2343 sum,
650 2307 703 2348 qui
725 2318 762 2338 ex
784 2307 893 2337 humili
908 2307 976 2337 loco
992 2306 1030 2336 ad

297 2350 487 2381 tribunatum
511 2349 680 2386 adscendi;
701 2349 762 2379 imo
784 2349 906 2380 Novius
921 2359 960 2380 ne
982 2349 1030 2378 in-

298 2403 420 2434 genuus
443 2392 580 2433 quidem,
606 2398 641 2422 ut
665 2401 734 2431 ego,
758 2391 811 2421 sed
840 2391 919 2422 idem
947 2391 1031 2432 quod

298 2439 386 2476 pater
414 2444 513 2469 meus,
543 2433 706 2464 libertinus
735 2439 801 2471 est3
833 2433 939 2474 itaque
969 2443 1032 2463 non

299 2477 464 2517 ingenuus.

342 2520 396 2549 41.
421 2519 486 2549 Hoc
503 2520 556 2549 tibi
571 2518 701 2548 Paullus
715 2524 741 2547 et
760 2518 887 2548 Messala
903 2519 1031 2547 videris:

299 2570 374 2591 num
404 2560 485 2596 ideo,
513 2560 594 2601 quod
620 2559 676 2589 tibi
703 2559 832 2600 ignobili
858 2559 1034 2590 tribunatus

298 2602 442 2643 contigit,
463 2602 512 2633 vel
535 2602 618 2643 quod
642 2602 763 2642 collega
783 2607 853 2631 tuus
878 2606 908 2631 te
931 2601 1034 2632 minus

299 2644 377 2675 adeo
391 2650 439 2675 est
453 2645 619 2685 ingenuuS,
635 2643 748 2674 videris
765 2643 821 2673 tibi
842 2653 908 2674 esse
924 2643 1033 2674 similis

299 2687 401 2717 Paulo
415 2692 446 2717 et
463 2686 619 2721 Messalae,
635 2696 652 2716 e
668 2685 868 2716 nobilissimis
887 2685 1032 2725 gentibus

299 2728 466 2770 prognatis.
511 2729 586 2765 Hoc,
611 2728 651 2757 ob
677 2727 747 2763 hoc,
771 2726 851 2764 ideo,
875 2735 911 2757 ut
939 2728 1031 2769 paulo

299 2776 370 2812 post
390 2781 419 2801 v.
441 2772 481 2802 52
506 2776 539 2801 et
557 2781 586 2802 v.
609 2770 670 2799 87:
695 2769 736 2800 cf.
761 2779 829 2810 sup.
857 2770 895 2799 ad
920 2770 986 2800 Sat.
1011 2770 1031 2807 i,

305 2815 334 2847 1.
350 2813 402 2843 46.

343 2854 482 2885 42—44.
507 2854 546 2884 At
563 2854 620 2889 hic,
635 2858 708 2884 cett.
742 2853 786 2883 At
799 2853 862 2888 hic,
879 2852 952 2883 licet
969 2863 1029 2883 non

299 2895 432 2936 insignis
453 2896 492 2926 sit
507 2895 679 2931 nobilitate,
697 2896 781 2926 vocis
802 2901 905 2925 tamen
927 2895 1031 2925 omnia

300 2938 454 2971 vincentis
484 2939 633 2980 gravitate
664 2937 788 2979 placet3
818 2947 871 2979 pro
902 2937 1031 2978 vulgari,

1075 1640 1107 1665 at
1133 1634 1184 1666 hic
1208 1635 1341 1675 insignis
1367 1635 1400 1666 in
1429 1635 1635 1668 concionibus
1658 1641 1706 1668 est
1731 1646 1807 1668 con-

1075 1677 1226 1708 cionator.
1273 1678 1337 1712 Qne
1347 1678 1422 1720 foro
1438 1681 1498 1710 tria
1514 1689 1579 1720 pro,
1595 1680 1714 1719 triaque
1719 1679 1806 1721 foro,

1075 1725 1109 1749 ut
1127 1730 1216 1750 versu
1241 1730 1289 1761 sq.
1313 1731 1368 1761 que
1393 1722 1477 1751 tubas
1501 1726 1568 1762 pro,
1588 1721 1746 1761 tubasque.-
1769 1721 1809 1752 de

1075 1761 1237 1802 particulis
1251 1773 1316 1802 que,
1331 1774 1376 1798 ve,
1391 1773 1439 1797 ne,
1455 1773 1473 1793 e
1493 1763 1562 1794 loco
1583 1773 1639 1794 suo
1659 1762 1691 1793 in
1711 1763 1808 1794 alium

1075 1804 1279 1845 transpositis,
1301 1804 1444 1846 exempla
1460 1804 1531 1835 vide
1550 1804 1633 1847 apud
1655 1804 1811 1836 Heindor-

1076 1845 1161 1876 fium.
1206 1846 1340 1881 Funera,
1356 1846 1388 1877 in
1405 1846 1575 1878 celebribus
1589 1846 1671 1878 enim
1692 1846 1809 1879 funeri-

1075 1888 1146 1923 bus,
1174 1887 1273 1918 forum
1306 1887 1546 1924 transeuntibus.
1575 1898 1727 1920 cornuum
1760 1893 1809 1920 tu-

1076 1930 1246 1970 barumque
1262 1930 1408 1971 clangore
1423 1940 1497 1961 aura
1513 1930 1682 1973 personuit.
1719 1930 1808 1973 Mag-

1074 1983 1114 2001 ‘na
1136 1973 1272 2002 sonabit:
1297 1972 1341 2002 sic
1366 1972 1448 2014 apud
1467 1973 1556 2013 Virg.
1581 1973 1658 2004 AEu.
1679 1972 1721 2004 ix.
1738 1974 1808 2010 125,

1075 2014 1175 2044 amnis
1193 2025 1286 2045 rauca
1306 2025 1409 2044 sonare
1429 2014 1565 2053 dicitur;
1587 2020 1620 2046 et
1639 2014 1684 2046 sic
1698 2025 1810 2056 magna
1868 2044 1871 2047 ,

1078 2057 1154 2096 loqui
1184 2056 1267 2098 apud
1295 2056 1440 2087 eundem.
1485 2056 1582 2095 Quod,
1607 2066 1652 2088 sc.
1677 2066 1808 2096 sonare3

1076 2104 1152 2127 tenet
1168 2109 1229 2132 nos,
1246 2108 1301 2129 nos
1316 2098 1463 2130 delectat.

1118 2141 1259 2170 45—47.
1307 2141 1397 2170 Nunc
1413 2142 1452 2171 ad
1467 2151 1512 2171 me
1525 2142 1621 2179 reden,
1635 2145 1729 2172 cett.:
1753 2140 1808 2171 sed

1072 2180 1139 2221 jarn
1164 2180 1203 2210 ad
1225 2192 1285 2218 me,
1302 2181 1414 2222 pariter
1436 2181 1547 2212 humili
1570 2183 1648 2220 loco,
1667 2181 1810 2214 libertino

1076 2221 1197 2253 scilicet
1221 2228 1307 2264 patre
1331 2229 1452 2259 natum,
1477 2223 1578 2260 redeo,
1604 2233 1710 2265 quem,
1736 2224 1811 2266 quia

1074 2264 1150 2294 mihi
1174 2263 1319 2295 libertino
1340 2270 1459 2295 tantum
1483 2270 1674 2307 patronatu,
1689 2270 1807 2302 tecum,

1074 2306 1247 2342 Maecenas,
1272 2307 1304 2336 in
1329 2307 1511 2347 quotidiana
1533 2307 1682 2339 societate
1705 2307 1810 2340 vivere

1075 2347 1159 2385 licet,
1189 2348 1247 2379 hoc
1286 2349 1352 2390 ipso
1388 2354 1524 2390 tempore
1559 2355 1668 2380 omnes
1696 2351 1810 2381 rodunt

1076 2390 1239 2431 (carpunt,
1250 2390 1312 2421 vid.
1326 2401 1394 2431 sup.
1407 2392 1443 2421 ad
1459 2392 1525 2422 Sat.
1539 2391 1561 2426 i,
1574 2392 1606 2426 4,
1619 2390 1678 2430 81)
1691 2396 1724 2422 at
1735 2391 1810 2422 olim

1075 2442 1124 2462 me
1150 2433 1328 2473 carpebant,
1352 2433 1436 2473 quod
1460 2443 1529 2473 ego,
1553 2432 1697 2464 libertino
1722 2438 1810 2476 patre

1075 2479 1178 2508 natus,
1195 2474 1337 2504 tribunus
1354 2475 1471 2516 (Bruto
1493 2476 1610 2506 militioe
1630 2476 1716 2511 duce,
1739 2485 1810 2518 sup.

1076 2516 1138 2546 Od.
1168 2516 1201 2552 ii,
1229 2517 1266 2555 7)
1297 2517 1413 2557 legioni
1447 2517 1602 2548 Romanae
1654 2527 1808 2549 raeessem.

1078 2559 1139 2589 Pro
1154 2569 1216 2588 sum
1235 2560 1299 2594 tibi,
1316 2558 1431 2590 rectius
1452 2559 1581 2590 fortasse
1597 2559 1634 2599 (ο
1675 2568 1809 2601 sequeus

1075 2600 1213 2640 pareret)
1242 2600 1272 2631 in
1304 2600 1443 2642 pluribus
1472 2601 1564 2632 codd.
1593 2601 1675 2643 apud
1703 2602 1810 2640 Feam,

1077 2645 1129 2672 sim
1147 2645 1213 2673 tibi.

1117 2686 1255 2716 49-51.
1280 2685 1430 2716 Dissimile
1450 2685 1502 2716 hoc
1519 2685 1569 2715 illi
1586 2691 1629 2716 est
1641 2697 1651 2715 .-
1673 2684 1727 2716 sed
1743 2686 1807 2720 hnc,

1074 2727 1157 2767 quod
1182 2727 1283 2757 factus
1310 2737 1378 2757 sum
1405 2726 1559 2762 tribunus,
1584 2725 1734 2758 dissimile
1761 2731 1810 2758 est

1076 2771 1133 2805 illi,
1162 2770 1245 2810 quod
1275 2779 1344 2799 sum
1373 2768 1429 2798 tibi
1459 2768 1627 2804 convictor,
1655 2767 1741 2810 quia.
1773 2774 1808 2800 ut

1074 2811 1177 2852 quivis
1202 2810 1272 2852 jure
1308 2810 1435 2842 forsitan
1466 2809 1542 2840 mihi
1573 2809 1731 2846 honorem,
1761 2809 1806 2841 ita

1075 2853 1256 2894 neutiquam
1299 2858 1328 2884 te
1368 2852 1443 2882 mihi
1482 2852 1617 2883 amicum
1659 2851 1807 2889 invideat,

1075 2894 1256 2936 praesertim,
1296 2905 1367 2926 cum
1407 2893 1572 2935 diligenter
1609 2903 1728 2930 caveas,
1767 2904 1805 2925 ne

1075 2937 1184 2974 alium,
1197 2937 1256 2968 nisi
1271 2935 1408 2968 amicitia
1421 2941 1472 2968 tua
1486 2935 1616 2978 dignum
1630 2941 1662 2968 et
1676 2945 1693 2967 a
1709 2945 1804 2978 prava
