1884 3288
302 195 380 237 168

856 199 1253 243 CARMINUM

637 297 961 350 Denominatos,
982 308 1026 342 et
1046 306 1250 354 nepotum

695 365 781 407 Per
801 381 1005 407 memores
1026 382 1161 422 genus
1183 381 1306 408 omne
1328 367 1464 408 fastus

525 432 552 472 5
581 431 773 474 Auctore
794 434 848 474 ab
869 433 939 475 illo
961 435 1079 475 ducit
1099 435 1318 489 originem,

580 500 668 546 Qui
689 499 952 541 Formiarum
972 501 1128 542 moenia
1148 502 1305 542 dicitur

638 567 846 620 Princeps
868 575 911 608 et
930 568 1146 608 innantem
1168 567 1345 610 Marieae

693 633 912 674 Litoribus
942 634 1128 674 tenuisse
1151 633 1298 683 Lirim,

581 699 690 740 Late
711 707 938 754 tyrannus:
971 715 1064 741 cras
1086 700 1195 740 foliis
1217 715 1365 742 nemus

501 765 551 805 10
581 764 733 805 Multis
755 773 798 806 et
819 765 914 820 alga
933 765 1033 806 litus
1054 767 1191 807 inutili

638 832 838 872 Demissa
858 838 1088 886 tempestas
1110 834 1163 874 ab
1186 832 1307 873 Euro

695 897 882 947 Sternet,
905 912 1027 951 aquae
1047 899 1128 939 nisi
1149 898 1254 939 fallit
1275 913 1412 952 augur

578 962 758 1004 Annosa
778 963 940 1004 cornix,

1003 964 1120 1004 Dum
1140 965 1268 1018 potis,
1291 966 1457 1006 aridum

581 1031 800 1084 Compone
820 1029 1002 1084 lignum:
1035 1045 1129 1071 cras
1151 1031 1340 1071 Genium
1360 1045 1476 1072 mero

498 1096 549 1136 15

635 1096 818 1136 Curabis
840 1102 883 1136 et
903 1111 1034 1150 porco
1054 1097 1247 1138 bimestri

694 1162 801 1203 Cum
822 1162 988 1204 famulis
1010 1160 1188 1217 operum
1211 1163 1372 1206 solutis.

814 1351 1085 1394 CARMEN
1118 1353 1292 1396 XVIII.

870 1494 939 1525 AD
987 1494 1233 1526 FAUNUM.

581 1598 756 1648 FAUNE,
777 1598 1078 1652 Nympharum
1097 1599 1334 1653 fugientum
1355 1605 1529 1649 amator,

581 1665 667 1706 Per
688 1680 802 1706 meos
822 1665 931 1706 fines
952 1671 995 1706 et
1015 1665 1159 1719 aprica
1180 1679 1281 1706 rura

298 1772 382 1805 bello
397 1774 542 1816 Trojano,
558 1774 713 1816 insignem
729 1776 860 1817 gloriam
883 1787 1031 1808 consecu-

300 1820 352 1846 tus
367 1816 488 1852 fuisset,
506 1817 714 1849 similitudine
735 1819 836 1860 gentis
857 1829 921 1850 suae
939 1818 1032 1860 origi-

301 1867 374 1888 nem
388 1864 580 1900 repeterent:
605 1860 668 1891 vid.
686 1861 775 1902 Virg.
793 1863 870 1892 AEn.
884 1872 914 1897 v,
929 1862 1034 1892 117—-

304 1900 377 1930 123.
421 1901 483 1931 Per
496 1913 632 1933 memores
641 1902 759 1944 fastus,
780 1913 833 1944 per
847 1903 984 1938 tabulas,
1000 1903 1032 1934 in

300 1942 414 1981 quibus
441 1943 542 1982 gentis
571 1945 690 1974 Lamiae
717 1950 848 1976 stemma
876 1946 1032 1977 memoriae

300 1988 348 2014 est
363 1984 519 2025 proditum
534 1997 541 2015 :
566 1985 605 2017 de
618 1991 748 2028 utraque
764 1987 861 2026 forma
871 1987 979 2028 fastus
1001 1994 1033 2019 et

291 2025 376 2067 fasti
398 2026 462 2058 vid.
485 2027 646 2059 Drakenb.
667 2029 707 2059 ad
731 2029 788 2060 Sil.
811 2029 885 2059 Ital.
908 2029 941 2065 ii,
969 2031 1029 2060 10:

302 2079 451 2105 memores,
472 2079 572 2100 rerum
596 2071 774 2101 memoriam
796 2077 979 2102 renovantes
1001 2077 1033 2102 et

302 2116 520 2152 propagantes,
533 2117 568 2142 ut
578 2111 634 2143 inf.
645 2112 687 2147 iv,
703 2114 755 2148 14,
766 2115 784 2143 4
797 2125 805 2151 ;
820 2119 850 2144 et
865 2112 909 2144 sic
925 2124 1032 2144 memor

292 2152 385 2192 fama
401 2153 486 2194 apud
502 2153 597 2185 Ovid.
610 2154 696 2185 Fast.
710 2154 743 2190 ii,
756 2156 836 2192 380;
852 2161 884 2186 et
897 2166 1033 2186 memores

302 2195 419 2226 tabellae
440 2196 522 2236 apud
544 2195 678 2227 eundem
698 2197 781 2228 Met.
801 2197 866 2233 viii,
885 2198 965 2227 744:
990 2198 1032 2229 cf.

303 2246 373 2278 sup.
387 2237 411 2272 i,
430 2237 480 2272 13,
499 2239 550 2268 12.
596 2239 641 2268 Ab
658 2240 723 2274 illo,
741 2238 772 2269 h.
791 2249 821 2270 e.
843 2244 904 2270 tam
926 2239 1031 2278 claro;

303 2279 419 2320 eaepius
438 2279 519 2310 enim
541 2279 666 2321 aliquis,
686 2280 778 2322 cujus
795 2281 864 2311 laus
883 2287 915 2312 et
935 2282 1033 2322 gloria

302 2320 465 2352 notissima
479 2328 536 2359 est,
553 2322 734 2364 simpliciter
753 2324 805 2353 ille
820 2323 923 2354 vocari
945 2323 1033 2355 solet.

303 2361 495 2394 Formiarum
518 2366 649 2395 moenia.-
681 2366 808 2396 Homer.
831 2366 854 2396 l.
876 2365 897 2395 l.
920 2366 1033 2408 Λάμου

302 2404 385 2437 αἰπὺ
396 2407 607 2448 πτολίεθρον,
619 2406 817 2445 Τηλέπυλον
829 2411 1033 2450 Λαιστρυγο-

302 2448 393 2487 νίην.
438 2449 629 2479 Formiarum
649 2459 761 2480 nomen
779 2455 889 2498 postea
909 2450 1033 2481 demum

302 2498 322 2520 a
346 2490 594 2522 Lacedaemoniis
619 2491 691 2522 huic
721 2492 789 2522 urbi
811 2493 923 2533 (quam
948 2492 1033 2525 Plin.

301 2532 399 2564 H.N.
415 2533 461 2569 iii,
477 2536 508 2569 5,
525 2535 679 2574 antiquam
696 2534 923 2574 Laestrygonum
938 2536 1031 2565 sedem

301 2576 423 2614 vocat),
445 2575 579 2606 inditum
601 2585 679 2610 esse,
700 2575 790 2607 docet
809 2577 919 2607 Strabo
937 2577 978 2613 iv,
999 2587 1030 2618 p.

303 2617 386 2647 161:
413 2617 456 2648 cf.
481 2618 621 2648 Torrent.
664 2618 704 2647 Et
726 2619 882 2649 innantem
906 2619 1030 2650 Maricae

301 2658 456 2690 Litoribus
481 2662 608 2690 tenuisse
630 2659 740 2696 Lirim,
765 2660 795 2691 h.
816 2671 845 2691 e.
867 2666 898 2691 et
920 2666 1031 2702 praeter

301 2701 453 2738 Formias,
477 2711 583 2743 agrum
602 2701 852 2733 Minturnensem
878 2704 937 2734 sub
958 2703 1029 2734 diti-

300 2753 360 2775 one
380 2753 437 2775 sua
450 2743 618 2775 habuisse:
642 2754 715 2784 ager
736 2744 956 2776 Minturnensis
974 2745 1028 2776 de-

300 2785 443 2827 signatur
457 2796 510 2828 per
525 2785 652 2816 fluvium
668 2786 767 2816 Lirim
782 2787 843 2827 (cf.
859 2797 929 2829 sup.
951 2788 991 2818 ad
1005 2787 1028 2823 i,

299 2829 355 2865 31,
379 2828 418 2868 7)
437 2827 492 2870 qui
514 2828 605 2858 illum
625 2827 746 2865 transit,
771 2835 803 2860 et
825 2839 879 2870 per
898 2829 1029 2871 paludes

299 2870 538 2902 Minturnenses
558 2870 592 2901 in
618 2880 702 2901 mare
728 2870 907 2901 effunditur.
951 2873 1024 2903 Jam

298 2923 370 2944 vero
383 2923 457 2944 cum
473 2913 595 2944 Marica
610 2912 772 2954 Nympha,
789 2913 889 2943 Fauni
903 2924 980 2944 uxor
995 2919 1026 2945 et

297 2955 404 2987 Latini
422 2960 520 2987 mater
535 2955 646 2998 (Virg.
664 2956 742 2986 AEn.
759 2955 811 2991 vii,
827 2955 898 2996 47),
917 2962 949 2987 ut
966 2956 1025 2987 dea

1074 1775 1217 1808 tutelaris
1237 1787 1256 1807 a
1273 1774 1546 1807 Minturnensibus
1565 1785 1682 1817 magna
1701 1775 1804 1817 religi·

1075 1829 1134 1850 one
1157 1819 1189 1849 in
1213 1819 1296 1855 luco,
1320 1819 1359 1849 ad
1382 1818 1484 1860 ipsum
1511 1818 1625 1850 flumen
1649 1817 1747 1850 Lirim
1775 1818 1805 1850 ei

1075 1868 1270 1896 consecrato,
1292 1861 1464 1898 coleretur;
1489 1860 1571 1892 Liris
1590 1860 1715 1892 Murice
1738 1861 1806 1892 lito-
1862 1900 1866 1904 Δ

1075 1905 1159 1934 ribus
1168 1903 1290 1934 doctius
1300 1913 1366 1944 pro,
1377 1913 1449 1944 agro
1462 1902 1687 1939 Minturnensi,
1698 1904 1807 1934 innare

1074 1944 1199 1975 dicitur.
1250 1945 1398 1976 Similiter
1426 1943 1691 1976 Minturnensium
1721 1944 1806 1986 regio

1074 1987 1258 2018 describitur
1271 1987 1353 2028 apud
1377 1987 1499 2018 Lucan.
1520 1986 1554 2025 ii,
1577 1987 1652 2024 424,
1665 1991 1698 2018 et
1716 1987 1806 2018 Mar-

1075 2029 1142 2059 tial.
1154 2029 1219 2065 xiii,
1233 2030 1287 2060 83.
1332 2029 1410 2060 Late
1421 2035 1582 2070 tyrannus,
1597 2029 1806 2071 εὐρυκρείων,

1074 2073 1264 2143 ut2populus
1299 2072 1359 2102 late
1393 2083 1446 2102 rex
1481 2070 1565 2113 apud
1602 2071 1694 2112 Virg-
1725 2071 1806 2102 AEn.

1075 2113 1096 2150 i,
1135 2116 1167 2144 5.

1115 2156 1232 2185 9—16.
1257 2155 1330 2185 Cras
1344 2155 1434 2196 foliis
1456 2165 1568 2191 nemus,
1593 2158 1669 2185 cett·
1713 2154 1804 2193 Cras,

1073 2196 1099 2227 si
1114 2197 1190 2228 fides
1204 2197 1347 2228 habenda
1362 2202 1411 2227 est
1431 2196 1565 2228 cornicis
1581 2195 1723 2237 augurio,
1740 2201 1804 2228 tam

1074 2238 1107 2268 in
1127 2239 1214 2270 silvis
1235 2249 1328 2287 quam
1349 2238 1382 2269 in
1401 2237 1478 2269 mari
1501 2243 1666 2280 tempestas
1686 2238 1804 2270 saeviet.

1075 2281 1220 2318 Demissa,
1249 2291 1281 2312 m
1310 2280 1423 2312 aethere
1450 2290 1562 2322 nempe
1587 2280 1744 2311 concitata
1772 2287 1804 2312 et

1074 2322 1150 2354 inde
1168 2323 1315 2354 demissa.
1357 2323 1487 2360 Sternet,
1507 2326 1695 2358 consternet,
1715 2331 1804 2365 spar-

1076 2370 1138 2405 get,
1161 2365 1288 2413 operiet.
1332 2366 1424 2406 suga,
1441 2365 1524 2406 apud
1539 2365 1710 2396 Homerum
1724 2374 1806 2412 quo-

1077 2418 1138 2448 que
1149 2407 1242 2438 lhad.
1254 2407 1296 2443 ix,
1307 2408 1338 2443 7,
1350 2406 1382 2437 in
1397 2406 1590 2448 tempestatis
1597 2405 1804 2448 descriptnone

1078 2450 1187 2480 Boreae
1209 2455 1239 2480 et
1261 2448 1394 2491 Zephyri
1413 2448 1531 2491 impetu
1545 2449 1618 2489 alga
1633 2458 1652 2479 e
1671 2449 1748 2480 mari
1770 2448 1804 2480 in

1075 2492 1149 2522 litus
1172 2491 1272 2532 ejecta
1301 2501 1370 2522 esse
1393 2490 1519 2522 dicitur.
1574 2490 1699 2526 Inueni,
1730 2490 1803 2522 hinc

1074 2534 1158 2575 apud
1182 2533 1272 2574 Virg.
1294 2533 1365 2564 Ecl.
1387 2533 1442 2568 vii,
1471 2534 1525 2568 42,
1553 2543 1592 2572 pr
1615 2534 1688 2564 'ecta
1714 2533 1805 2563 vilior

1073 2578 1155 2617 alga.
1201 2577 1313 2606 Cornix
1339 2586 1442 2617 augur
1463 2585 1568 2615 aque:
1621 2573 1644 2605 l.
1667 2573 1802 2606 Mitsch.

1072 2617 1180 2649 laudat
1188 2618 1278 2649 Arat.
1286 2618 1428 2649 Diosetn.
1439 2618 1532 2650 1022.
1545 2619 1708 2659 χειμῶνος
1714 2615 1802 2659 μέγα

1073 2663 1165 2702 σῆμα
1175 2660 1230 2692 καὶ
1240 2659 1559 2702 ἐννεάγηρακορώνη
1569 2658 1731 2701 νύκτερον
1741 2658 1804 2691 ἀεί-

1074 2701 1188 2734 δουσα.
1219 2702 1313 2734 Ovid.
1325 2702 1400 2733 Am.
1409 2700 1442 2736 ii,
1453 2701 1486 2736 6,
1500 2702 1553 2736 34,
1563 2701 1675 2741 pbuvioe
1685 2711 1800 2748 gracw

1075 2746 1121 2775 lus
1135 2756 1238 2786 augur
1251 2755 1346 2785 aquoe.
1387 2745 1518 2778 Annum,
1530 2742 1637 2784 plures
1645 2751 1730 2774 emm
1745 2742 1803 2774 ho-

1073 2787 1192 2817 minum
1203 2793 1310 2818 aetates
1322 2785 1476 2817 cornicem
1486 2783 1586 2816 vivere
1600 2784 1726 2815 tradunt
1737 2789 1800 2815 tam

1072 2835 1189 2860 veteres
1201 2838 1294 2870 quam
1306 2827 1489 2860 recentiores
1499 2825 1635 2857 historiae
1650 2825 1802 2858 naturalis

1068 2871 1244 2913 scriptores.
1288 2871 1371 2901 Dum
1398 2870 1487 2909 potis,
1511 2869 1632 2899 aridum
1656 2869 1800 2909 Compnne

1068 2914 1200 2954 liguum:
1224 2922 1299 2955 para
1320 2911 1414 2953 igitur
1432 2911 1551 2952 lignum
1570 2909 1702 2947 aridum,
1723 2909 1799 2942 dum

1068 2955 1147 2986 illud
1163 2955 1284 2987 aridum
1300 2954 1402 2986 adhuc
1417 2963 1526 2996 parare
1539 2951 1623 2985 licet.
1667 2952 1799 2984 Genium
