1904 3314
611 213 838 256 LIBER
869 214 929 265 11,
967 215 1002 257 l.

155 317 368 375 Indignor
388 319 626 375 quidquam
647 318 925 374 reprehendi,
947 333 1035 361 non
1056 319 1159 374 quia
1179 334 1326 362 crasse

157 387 455 443 Compositum
474 387 702 443 illepideve
723 394 918 442 putetur,
941 388 1020 430 sed
1042 388 1145 442 quia
1165 403 1307 443 nuper
1324 406 1334 439 3

155 454 256 497 Nec
277 456 444 498 veniam
464 456 672 510 antiquis,
697 455 775 497 sed
795 455 1006 497 honorem
1026 463 1071 497 et
1092 457 1272 511 praemia
1291 457 1428 511 posci.

157 522 315 573 Recte,
337 538 488 573 necne,
511 537 688 565 crocum
708 523 928 578 floresque
950 524 1225 579 perambulet
1247 524 1369 567 Attae

69 589 128 631 80
155 589 337 641 Fabula,
360 591 396 632 si
416 590 628 641 dubitem,
650 590 836 634 clament
857 593 1038 647 periisse
1058 593 1275 647 pudorem

159 657 318 700 Cuncti
337 673 461 713 paene
481 665 645 714 patres,
667 674 720 701 ea
738 674 871 714 quum
893 659 1218 715 reprehendere
1240 674 1389 710 coner,

158 725 274 774 Quae
293 727 438 782 gravis
458 726 674 783 AEsopus,
697 743 796 782 quae
818 728 975 769 doctus
997 727 1188 769 Roscius
1210 728 1325 783 egit:

158 792 258 844 Vel,
281 794 383 848 quia
402 793 463 836 nil
483 803 664 846 rectum,
688 795 769 836 nisi
790 795 910 850 quod
931 794 1096 850 placuit
1118 795 1214 846 sibi,
1238 795 1435 846 ducunt3

1504 217 1587 258 507

158 860 258 912 Vel,
281 862 384 918 quia
405 870 533 918 turpe
553 870 711 918 putant
731 877 888 918 parere
909 864 1167 914 minoribus,
1190 871 1235 906 et
1255 879 1355 919 quae

72 929 129 970 85
159 928 352 973 Imberbi
373 932 581 982 didicere,
604 946 729 974 senes
752 932 981 988 perdenda
1001 931 1142 974 fateri.

88 1031 94 1038 .
158 997 259 1040 Jam
279 998 444 1041 Saliare
464 999 626 1042 Numae
647 1014 820 1041 carmen
842 999 917 1054 qui
939 998 1104 1050 laudat,
1127 1006 1171 1042 et
1192 998 1317 1049 illud,

104 1060 107 1061 ⁷
161 1065 296 1114 Quod
317 1082 484 1110 mecum
502 1065 691 1123 ignorat,
714 1067 831 1109 solus
853 1067 944 1108 vult
967 1068 1077 1110 scire
1098 1067 1262 1117 videri3

160 1133 351 1190 Ingeniis
372 1150 460 1177 non
479 1135 550 1178 ille
571 1135 687 1178 favet
708 1134 966 1191 plauditque
988 1135 1185 1191 sepultis,

160 1201 330 1245 Nostra
351 1204 428 1246 sed
448 1204 689 1259 impugnat,
711 1219 790 1245 nos
812 1210 1050 1258 nostraque
1071 1202 1228 1245 lividus
1250 1202 1356 1245 odit.

73 1270 132 1312 90
163 1271 298 1319 Quod
319 1273 356 1313 si
376 1279 463 1314 tam
486 1273 634 1314 Graiis
655 1273 824 1314 novitas
845 1272 982 1314 invisa
1003 1272 1172 1323 fuisset,

163 1339 308 1387 Quam
327 1341 470 1391 nobis,
492 1341 598 1395 quid
620 1354 734 1382 nunc
755 1346 872 1382 esset
895 1347 1019 1381 vetus
1039 1342 1055 1382 2
1085 1347 1160 1381 aut
1181 1339 1288 1395 quid
1309 1339 1507 1387 haberet,

47 1471 253 1514 Ligarianam
278 1473 491 1517 (orationem)
516 1475 662 1515 pra‘clare
687 1476 796 1506 vendi-

47 1517 135 1552 disti,
161 1517 193 1548 h.
217 1527 248 1549 e.
274 1523 311 1548 ut
337 1518 418 1549 bene
448 1518 588 1560 explicat
619 1518 796 1554 Ernestius,

47 1558 261 1632 ‘f‘laudandm
285 1566 322 1592 ut
350 1560 506 1603 legeretur
535 1561 575 1593 ab
602 1561 795 1598 hominibus,

62 1601 176 1633 ecisti.'

93 1645 235 1678 76--73.
267 1646 430 1688 Indignor,
460 1652 536 1678 cett.
561 1646 692 1688 indigne
720 1646 798 1682 fero,

51 1687 138 1730 quod
165 1689 307 1722 carmina
330 1700 392 1721 non
422 1689 504 1726 iden,
530 1691 616 1732 quod
642 1700 746 1721 crasse
770 1695 802 1721 et

51 1730 194 1774 illepide,
210 1732 265 1764 sed
282 1731 358 1774 quia
374 1732 547 1764 recentiore
564 1738 656 1764 aetate
672 1743 800 1775 compo-

50 1773 114 1806 sita
122 1781 208 1811 sunt,
221 1775 495 1818 reprehenduntur
506 1787 515 1814 3
530 1782 562 1807 et
573 1776 650 1817 quia
662 1776 803 1817 antiquis

53 1817 168 1860 poetis,
193 1819 286 1860 quasi
312 1818 360 1850 illi
385 1818 465 1850 nihil
494 1819 624 1850 omnino
649 1829 802 1861 peccave-

51 1861 128 1898 rint,
142 1871 207 1893 non
223 1861 327 1900 venia,
344 1862 400 1894 sed
416 1862 516 1893 honor
532 1868 564 1894 et
584 1863 714 1905 praemia
731 1873 802 1905 pos-

52 1909 182 1936 cuntur.

98 1947 151 1980 76.
175 1947 291 1984 crasse,
305 1953 341 1979 ut
364 1959 436 1990 sup.
461 1949 529 1980 Sat.
548 1947 583 1984 ii,
601 1949 633 1986 2,
652 1949 685 1983 3,
702 1960 804 1980 crassa

53 1989 211 2029 Minerva,
223 1997 256 2023 et
270 1991 348 2022 alibi
362 1993 475 2033 pingui
491 1992 649 2029 Minerva,
661 1992 694 2023 h.
710 2002 738 2023 e.
752 1992 801 2023 in-

54 2033 229 2076 eleganter,
242 2034 382 2074 indocte,
398 2034 520 2067 inscite.

98 2077 240 2109 79-85.
271 2078 375 2116 Recte,
401 2089 456 2109 nec
485 2089 534 2114 ne,
561 2083 638 2109 cett.
683 2077 718 2109 Si
744 2087 802 2120 ego

54 2119 211 2159 dubitem,
243 2125 351 2152 utrum
386 2126 469 2152 recte
507 2131 548 2151 an
582 2120 688 2151 minus
722 2127 804 2153 recte

55 2162 144 2195 Attae
169 2163 278 2195 fabula
302 2163 335 2194 in
358 2173 487 2195 scenam
509 2174 601 2195 croco
623 2169 655 2195 et
677 2164 805 2195 floribus

56 2210 187 2238 stratam
213 2205 413 2249 producatur,
433 2207 585 2242 clament,
607 2212 682 2238 cett.
729 2208 803 2238 Cro-

55 2249 280 2291 cumfloresqrce
290 2251 478 2290 perambulet
490 2252 570 2282 Attae
584 2250 723 2281 Fabula:
741 2260 806 2281 non

58 2291 181 2331 fabula,
196 2293 252 2325 sed
267 2292 324 2335 qui
339 2293 479 2324 fabulam
496 2299 608 2334 agunt,
625 2293 804 2330 histriones,

57 2336 276 2378 perambulent
295 2335 430 2378 pulpita,
445 2346 538 2368 croco
560 2336 715 2368 odorifero
737 2347 804 2379 per-

56 2378 128 2410 fusa
146 2383 180 2411 et
200 2378 331 2411 floribus
348 2389 531 2422 conspersa.
575 2379 750 2412 Commode
772 2379 805 2411 in

57 2421 141 2454 hanc
153 2432 218 2453 rem
232 2422 408 2454 Lambinus
423 2422 530 2454 attulit
543 2423 650 2454 locum
666 2422 806 2455 Lucretii

58 2463 94 2503 ii,
109 2461 186 2504 416,
203 2465 246 2497 Et
265 2476 336 2497 cum
357 2476 445 2497 scena
467 2477 552 2497 croco
570 2466 663 2497 Cilici
680 2467 806 2509 perfusa

58 2518 162 2540 recens
174 2515 240 2547 θεῖς
265 2507 361 2540 Ovid.
378 2509 452 2541 Art.
469 2509 546 2540 Am.
562 2509 583 2545 i,
597 2519 628 2540 v.
640 2510 714 2546 104,
729 2510 806 2541 Tum

58 2561 120 2582 non
138 2562 304 2583 marmoreo
321 2553 493 2592 pendebant
512 2554 578 2583 vela
595 2553 723 2589 theatro,
741 2553 807 2584 Nec

49 2594 189 2637 fuerant
212 2595 327 2636 liquido
344 2596 467 2636 pulpita
486 2596 582 2626 rubra
603 2606 698 2626 croco.
745 2596 806 2627 Fa-

62 2637 154 2669 bulas
179 2648 260 2680 quas
284 2637 411 2680 scripsit
433 2643 527 2680 poeta
554 2637 690 2669 Latinus
717 2640 807 2675 Atta,

59 2689 212 2722 magnum
234 2680 320 2724 apud
337 2681 502 2712 Romanos
522 2681 670 2723 plausum
686 2681 808 2720 tulisse,

61 2733 102 2756 ex
117 2723 178 2756 hoe
193 2723 264 2756 loco
279 2723 388 2765 colligi
403 2729 515 2766 potest.

106 2767 160 2799 81.
184 2767 305 2803 Patres,
323 2766 483 2799 seniores:
503 2768 643 2808 parribus
661 2767 708 2799 vel
730 2770 809 2800 seni-

64 2811 130 2849 lms,
149 2809 183 2842 in
206 2821 238 2842 v.
261 2811 315 2850 85,
336 2816 540 2854 opponuntur
564 2809 598 2841 in
619 2821 652 2841 v.
677 2811 720 2841 84
745 2823 809 2842 ma·

111 2863 152 2885 a·

53 2864 163 2928 Μ82.
185 2896 326 2937 AEsopus,
339 2895 455 2928 nobilis
470 2894 697 2938 tragoediarum
713 2901 812 2935 actor,

63 2945 196 2972 vocatur
221 2941 327 2982 gravis
358 2940 400 2971 ob
431 2939 571 2981 gravium
605 2948 810 2981 personamm

65 2987 169 3024 partes
190 2981 224 3014 in
244 2983 408 3025 tragoediis
430 2982 646 3025 suscipiendas
663 2987 696 3014 et
714 2982 811 3014 susti-

67 3025 200 3058 nendas.
243 3025 357 3058 Cicero
384 3025 479 3063 hujus
503 3025 630 3068 AEsopi,
655 3035 749 3067 quem
778 3031 813 3058 ut

841 1473 1029 1505 familiarem
1061 1484 1155 1505 suum
1184 1472 1297 1504 laudat
1323 1472 1437 1514 (offic.
1467 1472 1490 1509 i,
1518 1472 1594 1510 31),

841 1517 957 1559 passim
974 1517 1166 1549 mentionem
1191 1515 1292 1547 facit:
1317 1515 1381 1546 vid.
1406 1516 1536 1547 Ernest.
1559 1516 1593 1548 in

842 1560 935 1592 Clav.
952 1561 1024 1592 Cic.
1041 1560 1125 1591 nist.
1142 1570 1167 1590 s.
1184 1571 1215 1590 v.
1235 1559 1375 1600 AEsopus.
1409 1559 1460 1590 De
1476 1559 1596 1602 AEsopi

840 1603 917 1638 filio,
932 1603 1059 1635 homine
1083 1603 1239 1644 flagitioso
1255 1607 1287 1633 et
1302 1601 1445 1644 prodigo,
1462 1603 1506 1634 cf.
1525 1613 1598 1645 sup.

844 1646 885 1677 ad
901 1647 970 1678 Sat.
987 1646 1022 1682 ii,
1037 1647 1069 1682 3,
1086 1647 1142 1677 39.
1174 1646 1320 1676 Roscius.-
1345 1645 1416 1676 loca
1430 1645 1464 1676 in
1477 1645 1597 1687 quibus

846 1689 960 1720 Cicero
987 1690 1030 1726 Q.
1064 1689 1231 1724 Roscium,
1257 1699 1353 1730 quem
1381 1687 1414 1718 in
1441 1688 1598 1730 peculiari

845 1732 987 1763 oratioue
1001 1738 1112 1763 contra
1123 1730 1374 1763 criminationem
1387 1730 1528 1772 aliquam
1541 1731 1598 1764 de-

847 1774 958 1810 fendit,
978 1781 1014 1806 ut
1037 1785 1193 1806 summum
1215 1773 1260 1804 rei
1283 1773 1419 1805 scenicae
1443 1773 1596 1806 artificem

848 1818 915 1849 sive
934 1817 1116 1849 histrionem
1134 1816 1397 1859 perfectissimum
1414 1816 1455 1847 ad
1475 1817 1597 1849 coelum

848 1871 951 1903 usque
966 1860 1102 1896 extollit,
1120 1859 1192 1892 vide
1208 1858 1292 1902 apud
1310 1859 1517 1890 Lambinum.
1550 1861 1599 1893 U-

849 1914 926 1935 num
949 1909 1074 1935 tantum
1099 1903 1228 1935 afferam
1251 1913 1288 1934 ex
1313 1903 1404 1934 Orat.
1421 1913 1476 1945 pro
1497 1903 1599 1936 Arch-

849 1947 941 1978 Poet.
978 1957 1007 1979 c.
1044 1948 1076 1985 8,
1112 1948 1192 1984 Quis
1227 1953 1362 1977 nostrum
1399 1947 1500 1977 animo
1534 1953 1596 1978 tam

847 1991 962 2031 agresti
980 1996 1008 2021 et
1025 1993 1103 2022 duro
1110 1991 1198 2032 jair,
1215 1996 1250 2020 ut
1269 1989 1371 2020 Roscii
1386 1995 1480 2020 morte
1496 2001 1595 2030 nuper

846 2045 906 2064 non
934 2034 1189 2065 commoveretur?
1235 2032 1298 2068 Qui
1322 2043 1392 2063 cum
1416 2039 1487 2063 esset
1510 2043 1598 2064 senex

847 2083 997 2113 mortuus,
1016 2084 1115 2108 tamen
1139 2082 1262 2117 propter
1286 2076 1476 2106 excellentem
1501 2083 1598 2107 artem

848 2131 884 2151 ac
899 2126 1084 2152 venustatem
1102 2122 1218 2162 (quam
1237 2117 1423 2150 ostendebat
1440 2123 1505 2150 toto
1527 2129 1598 2151 cor-

850 2163 934 2205 poris
949 2163 1060 2194 habitu
1075 2170 1108 2194 et
1122 2162 1284 2204 gestibus)
1302 2163 1464 2192 videbatur
1478 2165 1600 2194 omnino

850 2209 926 2237 mori
959 2218 1018 2237 non
1051 2208 1196 2238 debuisse.
1243 2204 1400 2236 Roscium
1436 2205 1599 2247 egregium

850 2249 943 2292 plane
957 2248 1140 2281 histrionem
1155 2247 1263 2284 fuisse,
1273 2247 1348 2279 inde
1358 2258 1488 2290 quoque
1500 2254 1600 2291 patet,

849 2293 936 2333 quod
968 2292 995 2323 si
1020 2293 1095 2334 quis
1121 2291 1252 2323 artificio
1282 2291 1391 2332 aliquo
1419 2292 1600 2331 excelleret,

850 2334 1037 2377 proverbiali
1066 2335 1129 2367 fere
1155 2335 1316 2367 locutione
1347 2337 1380 2365 in
1411 2346 1464 2365 suo
1489 2346 1601 2377 genere

852 2379 978 2410 Roscius
1002 2379 1188 2411 dicebatur:
1216 2378 1286 2410 Cic.
1311 2377 1351 2409 de
1375 2378 1467 2410 Orat.
1489 2378 1512 2414 i,
1528 2389 1600 2421 cap.

850 2422 917 2460 28;
947 2421 1022 2454 hinc
1055 2423 1096 2453 ab
1130 2422 1262 2453 Horatio
1295 2421 1328 2453 h.
1358 2420 1380 2453 l.
1410 2423 1516 2453 doctus
1545 2432 1600 2453 vo-

851 2470 955 2496 catur.

895 2509 949 2546 84,
984 2509 1037 2540 85.
1086 2509 1149 2546 Vel,
1183 2509 1267 2548 quia,
1306 2512 1381 2539 cett.
1428 2507 1490 2539 Vel
1524 2508 1602 2550 quia

851 2556 941 2594 turpe
958 2557 1084 2594 putant,
1098 2551 1124 2582 si
1136 2561 1227 2583 senes
1240 2550 1279 2582 ad
1291 2550 1457 2592 juniorum
1474 2557 1599 2583 senten-

851 2593 927 2624 tiam
948 2605 1017 2626 sese
1042 2593 1295 2630 accommodent,
1313 2599 1346 2625 et
1365 2604 1403 2625 ea
1418 2605 1491 2636 quae
1512 2595 1601 2637 pueri

852 2636 928 2667 olim
956 2647 975 2668 a
999 2637 1221 2677 ludimagistro
1249 2647 1289 2668 ex
1316 2637 1404 2668 Attae
1434 2637 1602 2669 comoediis

852 2679 971 2711 dictata
1013 2679 1183 2712 didicerint
1219 2679 1410 2723 (perdenda)
1449 2686 1601 2722 tanquam

853 2733 936 2754 vana
950 2728 982 2754 et
1001 2723 1083 2754 falsa
1099 2734 1116 2755 e
1133 2723 1284 2755 memoria
1301 2723 1440 2755 delenda
1458 2733 1539 2763 esse,
1554 2724 1599 2756 sa-

854 2771 991 2798 teantur.

899 2810 1040 2841 86—-89,
1075 2810 1147 2841 Jam
1176 2809 1296 2840 Saliare
1328 2809 1437 2840 Numae
1466 2820 1602 2846 carmen,

855 2858 928 2884 cett.
943 2853 1086 2885 carmina
1100 2864 1174 2895 quae
1191 2853 1301 2884 Numa
1318 2851 1496 2894 Pompilius
1511 2853 1601 2883 Mar-

856 2894 895 2927 tis
917 2897 1106 2932 sacerdotes,
1119 2896 1216 2927 Salios
1232 2899 1269 2935 (a
1286 2893 1441 2935 saliendo)
1458 2905 1530 2925 cum
1548 2895 1602 2925 tri-

854 2939 962 2982 pudiis
990 2939 1190 2981 solemnique
1215 2938 1385 2970 saltatione
1411 2947 1465 2979 per
1492 2937 1602 2969 urbem

855 2988 967 3015 euntes
988 2993 1102 3015 canere
1122 2981 1259 3024 jubebat
1279 2981 1362 3022 (vid.
1389 2980 1458 3010 Liv.
1482 2979 1504 3014 i,
1530 2981 1604 3019 20),

857 3031 921 3058 tam
942 3026 1098 3064 obscuris,
1116 3023 1298 3061 reconditis,
1314 3030 1346 3056 et
1360 3022 1518 3065 perplexis
1541 3022 1603 3054 sor-
