1884 3288
74 2876 143 2911 vud.
167 2878 255 2911 Veli.
282 2878 316 2918 ii,
337 2880 392 2911 se.

581 175 586 179 ⁴
617 198 843 243 LIBER
874 197 956 248 1v,
987 198 1030 241 4.

1510 199 1595 241 207

626 379 903 422 CARMEN
937 379 1019 422 IV.

549 546 751 578 DRUSI
803 545 1109 577 LAUDES.·

343 664 544 712 QUALEM
565 665 808 707 ministrum
830 664 1018 706 fulminis
1041 663 1202 713 alitem,

342 732 443 787 (Cui
463 748 542 775 rex
566 733 765 775 Deorum
787 747 971 788 regnum
994 733 1038 773 in
1059 747 1161 773 aves
1183 746 1315 786 vagas

400 801 620 852 Permisit,
643 807 852 857 expertus
874 800 1052 843 fidelem

458 868 636 926 Jupiter
652 871 696 912 in
718 869 977 925 Ganymede
999 868 1146 923 flavo,)

287 937 315 978 5
346 935 465 978 Olim
480 938 687 994 juventas
709 945 754 980 et
774 938 945 994 patrius
966 938 1092 993 vigor

343 1003 468 1046 Nido
488 1004 689 1048 laborum
709 1005 905 1061 propulit
927 1005 1131 1055 inscium,

399 1072 641 1129 Vernique,
658 1075 749 1130 jam
764 1074 921 1115 nimbis
943 1074 1136 1124 remotis,

462 1141 667 1184 Insolitos
690 1143 882 1184 docuere
904 1142 1026 1183 nisus

348 1208 485 1251 Venti
505 1217 759 1265 paventem3
792 1225 894 1252 mox
915 1210 959 1251 in
981 1209 1110 1252 ovilia

286 1332 492 1365 CARMEN
516 1333 582 1366 IV.

102 1374 227 1418 Insigni
245 1374 296 1407 illi
313 1376 474 1419 juvenilis>
489 1375 684 1408 fortitudinis
708 1375 809 1408 docu-

59 1424 179 1456 mento,
200 1419 287 1461 quod
305 1420 447 1451 Drusum
472 1420 646 1456 Neronem,
669 1419 812 1461 Augusti

57 1461 251 1511 privignum,
264 1461 328 1494 =vix
351 1461 462 1505 viginti
485 1469 547 1494 tres
566 1473 667 1494 annos
688 1471 809 1499 natum,

58 1515 92 1536 in
107 1505 194 1537 bello
209 1512 320 1538 contra
335 1506 469 1537 Rhaetos
483 1511 518 1538 et
538 1505 726 1538 Vindelicos
742 1506 808 1538 edi—

59 1547 145 1580 disse
165 1554 308 1583 narrant.
331 1559 424 1590 aeque
449 1548 575 1590 insigne
604 1549 754 1580 Horatius
776 1549 810 1580 in

58 1589 121 1622 hoc
148 1591 288 1624 carmine
314 1598 558 1623 monumentum
582 1592 699 1634 posuit.
744 1593 811 1624 Res

60 1633 184 1666 scilicet
211 1633 271 1666 suit
298 1634 389 1666 haec:
430 1634 539 1665 Rhaeti
570 1641 602 1666 et
634 1635 810 1672 Vindelici,

61 1676 213 1718 (quorum
234 1676 284 1709 illi
298 1682 397 1708 terras
413 1677 453 1708 ad
475 1677 607 1720 Alpium
623 1678 756 1714 radices,
771 1680 812 1710 ab

59 1719 181 1752 oriente
202 1719 366 1752 meridiem
389 1730 509 1756 versus,
531 1731 550 1752 a
572 1727 679 1752 monte
702 1721 814 1752 Adula

61 1762 104 1794 ad
124 1762 230 1795 Julias
249 1773 353 1805 usque
372 1763 484 1806 Alpes,
500 1763 551 1795 vel
570 1764 611 1794 ad
631 1765 767 1795 Veronae
781 1770 814 1796 et

63 1804 158 1838 Comi
176 1816 281 1848 usque
300 1806 392 1842 fines,
415 1816 469 1837 eas
490 1806 586 1847 igitur
606 1812 715 1843 terras,
734 1817 814 1848 quas

61 1857 148 1880 nunc
172 1848 325 1881 Grisones
346 1855 380 1881 et
399 1849 580 1881 'l'irolenses
603 1855 723 1885 tenent,
748 1849 814 1882 vid.

65 1892 171 1923 Strab.
202 1891 246 1928 iv,
281 1903 312 1934 p.
340 1893 405 1924 315
428 1892 476 1930 C,
505 1892 536 1923 hi
569 1903 653 1930 vero,
682 1892 814 1934 proximi

64 1934 256 1966 Rhaetorum
279 1935 412 1971 accolae,
435 1945 474 1967 ea
497 1936 557 1967 sub
582 1935 721 1978 Alpibus
742 1946 813 1978 sep-

63 1978 253 2010 tentrionem
267 1988 376 2010 versus
391 1979 474 2015 loca,
490 1989 563 2020 quae
579 1989 599 2010 a
618 1979 691 2010 lacu
707 1979 815 2010 Boda-

63 2019 148 2052 mico
160 2031 216 2064 per
230 2021 468 2053 meridionalem
487 2021 629 2053 Bavariae
644 2027 675 2053 et
688 2028 815 2064 septen-

65 2063 231 2097 trionalem
254 2064 422 2096 comitatus
439 2064 610 2096 Tirolensis
633 2071 752 2107 partem
776 2065 816 2096 ad

64 2106 196 2138 fluvium
212 2107 333 2139 OEnum
349 2118 450 2150 usque
467 2107 678 2150 porriguntur,
694 2108 815 2140 incole-

66 2149 156 2187 bant,
175 2149 239 2182 vid.
260 2150 366 2182 Strab.
384 2150 438 2186 vii,
455 2151 518 2182 449
539 2151 582 2188 A,
601 2157 633 2182 et
652 2152 816 2182 Mannerti

67 2192 222 2225 German.
241 2204 272 2236 p.
290 2194 388 2233 610,)
406 2204 479 2225 cum
503 2194 626 2225 crebras
644 2193 677 2224 in
699 2194 816 2226 Galliae

66 2234 235 2278 Italiaeque
266 2246 357 2277 agros
381 2236 577 2267 incursiones
605 2237 756 2273 facerent,
786 2243 818 2269 et

10 2310 19 2315 ,
66 2278 326 2322 populationibus
339 2278 404 2310 suis
419 2278 452 2310 in
467 2278 534 2310 dies
550 2279 705 2311 Romanis
720 2279 815 2311 infes-

66 2321 160 2353 tiores
181 2321 311 2359 fierent;
334 2323 512 2364 Augustus,
534 2323 663 2354 modum
687 2323 815 2354 tandem

65 2374 174 2396 eorum
203 2364 329 2396 ferociae
360 2371 393 2397 et
422 2365 599 2397 insolentiae
635 2366 816 2408 ponendum

67 2417 134 2439 esse
162 2412 259 2443 ratus,
292 2409 334 2440 U.
364 2408 406 2440 C.
439 2419 618 2440 nccxxxrx
643 2408 817 2440 exercitum

67 2455 180 2483 contra
192 2459 246 2482 eos
260 2450 406 2482 mittendi
420 2451 513 2493 eique
529 2450 710 2493 privignum
725 2462 817 2483 suum

69 2493 210 2525 Drusum
234 2494 394 2525 Neronem
415 2493 607 2535 praeficiendi
630 2495 714 2536 cepit
740 2505 817 2526 con-

66 2534 186 2568 silium.
230 2535 293 2568 Cui
315 2536 444 2578 quidem
465 2537 598 2568 consilio
618 2544 748 2569 eventus
770 2549 818 2569 re-

68 2578 246 2621 spondebat
258 2578 481 2621 optatissimus.
526 2581 649 2611 Drusus
658 2580 743 2612 enim
756 2591 819 2612 non

69 2621 172 2655 solum
191 2621 325 2653 Rhaetos
344 2621 378 2653 in
394 2622 494 2664 primo
509 2622 616 2654 statim
637 2623 761 2666 proelio,
779 2624 819 2655 ad

71 2663 173 2707 Alpes
186 2664 389 2696 Tridentinas
404 2675 477 2697 cum
493 2665 530 2696 iis
545 2666 722 2702 commisso,
738 2667 821 2698 fudit

71 2706 269 2750 fugavitque,
301 2707 367 2740 vid.
396 2708 461 2739 Dio
494 2709 549 2743 liv,
580 2709 636 2746 22,
665 2709 720 2740 sed
754 2710 820 2752 pari

15 2758 18 2759 ⁷
72 2759 202 2799 quoqne
229 2751 354 2782 fortuna
384 2750 570 2782 Vindelicos
600 2750 715 2783 deinde
744 2763 821 2783 con-

26 2827 27 2831 ,
71 2798 208 2841 Quacum
223 2803 297 2825 cum
314 2793 408 2826 fratre
422 2804 480 2825 suo
496 2794 634 2831 Tiberio,
650 2805 745 2836 quem
767 2796 822 2826 ad-

23 2838 26 2839 ’
71 2841 208 2878 'morem
224 2835 254 2868 ei
265 2836 429 2878 Augustus
439 2837 614 2874 addiderat,
626 2838 822 2880 perdomuit:

98 2875 106 2883 ⁸
439 2880 546 2922 Hujus
571 2879 705 2920 geminae
731 2880 826 2922 igitur

77 2918 240 2953 Neronum
257 2921 298 2953 de
312 2922 436 2954 Rhaetis
448 2929 480 2954 et
498 2922 674 2955 Vindelicis
687 2923 826 2955 victoriae

77 2963 208 3004 gloriam
234 2965 397 3000 Horatius,
422 2964 470 2996 uti
500 2967 540 2997 ab
569 2965 637 3008 ipso
666 2966 826 3007 Augusto,

14 3003 22 3031 ’ἑ
79 3005 229 3039 Suetonio
251 3006 285 3039 in
301 3007 370 3040 vit.
391 3008 513 3040 Horatii
530 3015 620 3045 teste.
634 3008 740 3050 jussus
761 3010 826 3042 fue-

854 1340 912 1372 rat,
928 1334 1053 1366 duobus
1067 1331 1262 1366 carminibus
1276 1332 1469 1372 celebravit;
1493 1333 1604 1371 altero,

854 1376 895 1409 de
924 1388 988 1419 quo
1018 1388 1104 1408 nunc
1136 1376 1270 1418 agimus,
1301 1377 1334 1407 in
1367 1378 1476 1414 Drusi,
1507 1378 1607 1410 altero

855 1419 931 1462 (inf.
951 1420 994 1456 iv,
1019 1421 1076 1457 14)
1099 1420 1132 1451 in
1153 1420 1273 1451 Tiberii
1291 1419 1402 1450 laudes
1423 1420 1608 1463 composito.

854 1463 931 1494 Tria
960 1469 1065 1495 autem
1091 1462 1289 1505 potissimum
1320 1463 1380 1494 hoc
1406 1473 1546 1502 carmen,
1574 1464 1607 1494 in

854 1516 990 1548 quorum
1018 1506 1210 1538 tractatione
1248 1506 1351 1537 omnis
1384 1506 1454 1547 ejus
1491 1517 1541 1537 ars
1576 1514 1608 1538 et

853 1549 1004 1591 splendor
1030 1549 1179 1587 cernitur,
1206 1549 1366 1580 continet:
1405 1550 1431 1579 l.
1462 1550 1609 1591 Egregiae

855 1591 942 1623 illius
965 1591 1158 1624 fortitudinis
1173 1598 1205 1623 et
1222 1591 1376 1634 juvenilis
1395 1591 1521 1633 vigoris,
1544 1603 1609 1634 quo

857 1635 983 1666 Drusus
1005 1635 1038 1666 in
1062 1645 1171 1678 pugna
1193 1640 1305 1666 contra
1325 1635 1458 1666 Rhaetos
1480 1645 1513 1667 se
1531 1646 1609 1667 con·

856 1677 1055 1726 spiciendum
1100 1679 1289 1720 praebuerat,
1334 1677 1578 1720 descriptionem
1600 1690 1608 1717 3

857 1730 934 1758 sive,
948 1720 982 1752 in
998 1731 1064 1762 qua
1077 1721 1180 1752 omnis
1195 1720 1264 1751 haec
1276 1719 1445 1762 descriptio
1459 1726 1611 1759 versatur,

858 1763 959 1794 Drusi
975 1774 1048 1795 cum
1061 1763 1180 1805 juvene
1195 1763 1303 1804 aquila
1317 1768 1350 1794 et
1370 1763 1461 1795 leone
1480 1773 1610 1806 compa-

858 1806 1032 1838 rationem:
1057 1808 1088 1837 2.
1106 1805 1256 1847 Augusti,
1273 1811 1428 1848 tanquam
1449 1807 1536 1838 unici
1555 1817 1610 1838 ea-

859 1859 928 1879 rum
955 1850 1117 1886 virtutum,
1141 1849 1258 1891 quibus
1288 1849 1413 1879 Drusus
1443 1859 1529 1880 nunc
1554 1860 1611 1881 ex-

858 1892 1109 1933 splendescebat,
1124 1891 1262 1923 auctoris
1281 1891 1517 1930 laudationem;
1543 1892 1612 1924 lau-

858 1934 914 1966 dat
925 1946 1036 1977 nempe
1048 1945 1117 1966 vere
1131 1940 1294 1976 paternum
1307 1934 1446 1975 Augusti
1456 1935 1611 1970 animum,

858 1988 953 2019 quem
971 1978 1024 2010 ille
1041 1978 1074 2008 in
1095 1977 1248 2020 privignis
1267 1977 1333 2008 suis
1354 1977 1536 2009 Neronibus
1553 1978 1611 2010 rite

861 2021 1037 2052 educandis
1055 2022 1254 2063 probaverat,
1271 2020 1443 2062 simulque,
1457 2027 1611 2062 quantam

860 2063 924 2094 vim
952 2065 985 2095 in
1016 2074 1141 2095 omnem
1178 2063 1275 2095 animi
1305 2063 1427 2094 cultum
1464 2064 1613 2096 educatio

861 2106 987 2144 habeat,
1018 2107 1152 2138 breviter
1177 2106 1336 2138 ostendit:
1366 2107 1400 2138 3.
1426 2107 1549 2139 Veteris
1571 2109 1612 2139 C.

862 2150 991 2182 Claudii
1027 2150 1178 2185 Neronis,
1212 2149 1296 2180 unde
1333 2149 1486 2190 originem
1522 2160 1613 2181 suam

860 2193 1044 2234 repetebant
1080 2194 1235 2227 Nerones,
1274 2193 1479 2230 memoriam;
1517 2204 1613 2235 quem

861 2236 1002 2277 quidem,
1031 2246 1103 2267 cum
1134 2247 1174 2267 ex
1203 2246 1241 2266 eo
1268 2235 1341 2267 inde
1369 2240 1520 2278 tempore,
1549 2247 1614 2278 quo

863 2279 1058 2317 Hasdrubal,
1090 2278 1286 2310 Hannibalis
1320 2278 1429 2314 frater,
1460 2278 1492 2310 in
1529 2279 1616 2311 bello

862 2322 990 2354 Punico
1020 2321 1160 2354 secundo
1189 2323 1230 2353 ab
1257 2332 1295 2353 eo
1323 2322 1468 2353 devictus
1500 2323 1616 2358 fuerat.

860 2375 970 2396 sereno
985 2376 1107 2407 semper
1120 2365 1212 2396 vultu
1230 2365 1369 2396 Fortuna
1391 2365 1550 2397 Romanis
1567 2366 1614 2397 af-

862 2408 983 2449 fulgere
1006 2408 1150 2450 coeperit‚
1171 2413 1203 2439 et
1226 2407 1292 2450 ipse
1316 2408 1481 2439 Hannibal
1505 2409 1616 2451 (cujus

862 2452 922 2482 sub
945 2451 1007 2483 fine
1029 2451 1126 2493 hujus
1149 2451 1300 2482 carminis
1325 2450 1364 2482 de
1393 2451 1615 2483 Romanorum

862 2494 989 2529 virtute,
1006 2494 1091 2525 vinci
1104 2493 1233 2525 omnino
1246 2493 1366 2529 nescia,
1380 2494 1521 2527 oratione
1536 2495 1617 2526 nihil

863 2537 1032 2568 sublimius
1052 2543 1085 2568 et
1108 2537 1265 2568 Romanis
1285 2537 1543 2569 honorificentius
1562 2549 1616 2569 co-

864 2580 956 2621 gitari
990 2579 1125 2622 potest).
1155 2590 1244 2622 spem
1277 2590 1416 2616 omnem,
1454 2580 1619 2612 Romanos

866 2623 949 2655 vinci
966 2633 1071 2665 posse,
1090 2622 1253 2664 abjecerit,
1272 2628 1308 2653 ut
1323 2622 1422 2654 virum
1439 2624 1564 2665 egregie
1578 2625 1618 2656 de

865 2666 1032 2708 republica
1061 2667 1208 2698 meritum
1239 2665 1351 2696 multis
1389 2667 1518 2699 extollit
1549 2667 1619 2698 lau-

864 2708 970 2740 dibus.

912 2753 1005 2784 1-9.
1031 2752 1160 2786 Qualem
1178 2752 1366 2788 ministrum,
1385 2758 1460 2784 cett.
1507 2754 1619 2785 Nexus

867 2801 899 2826 et
914 2806 1028 2827 sensus
1040 2794 1138 2837 hujus
1150 2794 1224 2831 loci.
1239 2805 1304 2837 quo
1322 2795 1433 2831 Drusi,
1447 2795 1619 2827 admodum

868 2838 972 2869 adhuc
993 2838 1135 2880 juvenis,
1159 2843 1270 2869 contra
1293 2838 1424 2870 Rhaetos
1447 2839 1621 2881 pugnantis

868 2881 955 2922 vigor
977 2888 1080 2923 atque·
1096 2881 1233 2924 impetus
1255 2891 1330 2911 curn
1349 2881 1479 2922 juvenis
1503 2882 1619 2922 aquilae

870 2930 903 2956 et
920 2924 1020 2955 leonis
1036 2924 1144 2963 vigore
1158 2930 1190 2955 et
1205 2923 1326 2966 impetu
1345 2930 1558 2966 comparatur,
1574 2930 1622 2956 est

871 2966 934 2998 sere
950 2967 1023 2999 hic:
1050 2966 1212 2998 Vindelici
1235 2967 1389 3002 Drusum,
1407 2972 1443 2997 ut
1455 2967 1619 3007 juvenem,

872 3009 928 3041 tali
944 3009 1064 3052 impetu
1080 3015 1113 3041 et
1132 3009 1237 3052 vigore
1258 3014 1369 3040 contra
1392 3009 1525 3039 Rhaetos
1541 3019 1622 3050 pug-
