1884 3288
589 204 817 248 LIBER
847 204 908 258 11,
945 207 1010 249 18.

1487 210 1567 251 113

550 445 829 489 CARMEN
862 447 1041 491 XVIII.

310 585 423 628 NON
444 586 554 628 ebur
573 601 717 641 neque
739 601 918 628 aureum

370 653 477 695 Mea
498 654 669 696 renidet
688 655 734 696 in
754 655 884 696 domo
905 653 1108 697 lacunar:

309 719 416 763 Non
436 722 585 764 trabes
607 722 848 777 Hymettiae

369 788 582 832 Premunt
601 789 822 833 columnas
845 789 996 833 ultima
1014 792 1177 834 recisas

254 855 283 896 5
310 853 486 906 Africa:
518 872 661 913 neque
681 856 823 915 Attali

367 923 550 980 Ignotus
570 926 712 968 haeres
733 927 898 982 regiam
919 928 1156 983 occupavi:

310 991 410 1035 Nec
431 993 674 1037 Laconicas
695 994 802 1036 mihi

368 1061 575 1104 Trahunt
595 1063 796 1105 honestae
815 1078 1039 1120 purpuras
1061 1063 1245 1106 clientae.

310 1128 375 1171 At
394 1129 506 1172 fides
527 1138 572 1173 et
593 1130 743 1187 ingeni

228 1197 282 1239 10

215 1332 423 1367 CARMEN
447 1335 582 1367 XVIII.

62 1375 152 1408 Dum
168 1381 262 1418 poeta
284 1377 433 1409 insanum
450 1377 542 1409 illum
566 1379 690 1414 luxum.
714 1378 768 1410 cui

16 1417 148 1451 labeum
165 1424 232 1450 tum
248 1425 351 1464 vetere
364 1420 534 1463 disciplina
549 1421 582 1452 in
593 1421 768 1463 magnificis

15 1461 165 1505 *inprimis
179 1463 377 1495 exstruendis
392 1463 535 1496 aedificiis
558 1464 770 1506 indulgebant

21 1504 248 1548 opulentiores,
267 1505 300 1537 in
323 1506 383 1538 hoc
406 1507 546 1538 carmine
571 1507 653 1538 ridet
674 1513 770 1550 atque

20 1546 174 1589 exagitat,
195 1547 242 1583 se.
266 1554 302 1580 ut
325 1549 483 1581 hominem
507 1551 616 1592 paucis
639 1550 768 1582 conten-

21 1594 102 1627 tum,
114 1595 147 1622 ct
160 1590 282 1632 ingenii
291 1591 340 1623 sui
353 1592 560 1624 facultatibus
575 1593 647 1624 aliis
662 1603 771 1625 carum

22 1637 121 1676 ttque
135 1633 301 1671 dilectum,
318 1635 419 1666 multo
429 1635 581 1667 divitibus
596 1636 771 1667 feliciorem

21 1676 186 1751 predicat.
230 1677 389 1720 Compara
399 1688 470 1720 sup.
483 1678 516 1714 ii,
531 1680 581 1714 15,
594 1679 648 1710 ubi
661 1679 771 1710 eadem

54 1728 87 1751 re
99 1718 322 1762 indignatione
337 1721 371 1752 in
387 1721 489 1753 aetatis
504 1732 569 1753 suae
592 1722 703 1753 luxum
721 1722 771 1753 in-

25 1762 161 1795 vehitur.

69 1805 165 1838 1—6.
189 1806 363 1848 Vulgarem
391 1806 595 1843 sententiam,
634 1808 772 1849 “Equi-

21 1847 96 1880 dem
110 1859 174 1881 non
189 1849 347 1892 possideo,
363 1849 480 1890 quibus
494 1850 606 1881 divites
628 1851 773 1894 superbi-

24 1891 119 1928 unt,”
131 1892 348 1924 enumerando
363 1893 524 1934 quaedam,
540 1894 658 1935 quibus
681 1904 772 1925 enor-

21 1945 107 1967 mem
120 1935 354 1978 opulentiorum
376 1935 488 1966 luxum
510 1942 542 1968 et
564 1937 772 1979 magnificen-

24 1977 103 2010 tiam
126 1977 303 2020 sugillaret.
329 1977 454 2020 egregie
479 1981 654 2012 exornavit.
701 1981 772 2012 Non

23 2021 119 2052 ebur.-
141 2022 184 2054 ad
205 2027 370 2054 externum
391 2022 475 2053 enim
501 2022 535 2053 in
558 2023 770 2071 potentiorum

22 2063 173 2106 domibus
196 2064 398 2108 splendorem
427 2065 524 2109 varia,
555 2066 701 2109 inprimis
732 2077 771 2098 ex

0 2139 2 2142 ,
23 2106 120 2140 ebore
133 2107 230 2144 faeta,
248 2107 398 2140 utensilia
414 2109 625 2151 pertinebant.
669 2111 770 2141 Aure-

3 2151 245 2184 talamum-.-
269 2150 336 2182 vid.
350 2161 422 2193 sup.
439 2151 480 2182 ad
493 2151 528 2188 ii,
548 2153 598 2189 16,
612 2153 663 2183 ll.
710 2153 771 2184 Re-

9 2188 30 2200 ''
110 2192 288 2237 ‚splendet.
297 2193 445 2235 refulget.
464 2195 659 2227 Obversatus
672 2197 771 2228 Hora-

7 2259 30 2278 „
81 2235 205 2273 videtur
215 2237 429 2280 Bacchylides
442 2237 484 2274 xi,
499 2239 552 2274 ll,
572 2240 624 2274 12,
640 2239 773 2270 Anthol.

0 2275 17 2307 Ῡ·
146 2278 225 2318 Τ.ἰ,
241 2291 274 2324 p.
289 2281 344 2317 84,
359 2283 490 2323 Χρυσῷ
513 2280 540 2313 δ’
562 2281 720 2325 ἐλέφαντί
738 2295 772 2315 τε

0 2316 296 2368 ’Μάρπην
320 2324 416 2356 οἶκοι.
465 2324 594 2356 Trabes:
627 2325 773 2366 intellige

14 2365 199 2413 mres
222 2366 382 2398 columnoe
408 2372 513 2410 partes
533 2369 606 2412 (das
622 2368 770 2410 ΟεὸὶὶΗε),

14 2406 26 2442 ’ὲ
88 2428 90 2435 ·
167 2411 345 2452 epistylium
375 2410 620 2453 (Umor-bathen,
657 2414 769 2445 Archi-

16 2455 45 2493 *g
76 2471 77 2474 =
94 2482 98 2488 ,
116 2476 127 2492 ‚
139 2463 155 2485 z
194 2453 304 2485 horum
315 2453 471 2496 (Friess).
483 2465 623 2486 coronam
634 2455 771 2494 (Krane,

27 2491 61 2535 'j
79 2535 82 2538 ψ
115 2497 128 2504 ’“
193 2519 202 2532 ,
217 2497 376 2528 columna:
397 2507 494 2540 scapo
518 2498 663 2540 (Schast)
685 2499 771 2541 ejus-

62 2575 69 2580 *
118 2538 262 2583 capitulo
298 2539 532 2572 incumbentes.
595 2542 772 2584 Hymettiae,

67 2589 135 2622 ’.ε
157 2592 312 2614 marmore
335 2583 489 2625 Hymetti,
511 2585 627 2616 montis
643 2586 773 2623 Atticae,

133 2637 163 2664 ,2
186 2625 227 2657 de
243 2625 396 2668 Hymetii
417 2627 583 2658 marmoris
607 2628 774 2660 nobilitate

28 2702 53 2708 .-.
104 2668 213 2701 strab.
227 2668 270 2701 ix.
286 2679 320 2712 p.
332 2669 412 2707 613,
427 2670 514 2712 quod
536 2671 673 2713 primum
690 2682 710 2703 a
733 2673 772 2704 L.

132 2728 137 2737 v
153 2711 291 2744 Romam
304 2711 473 2744 advectum
483 2723 554 2746 esse
566 2719 672 2746 narrat
686 2715 772 2748 Plin.

21 2755 74 2797 ff«
111 2753 135 2791 i,
165 2755 200 2788 3.
260 2755 411 2788 Ceterum
441 2756 527 2798 quod
553 2757 669 2794 trabes.
700 2768 773 2801 quae

46 2803 72 2811 ““
90 2817 95 2821 =
121 2796 251 2830 fuerunt
265 2798 392 2840 ligneae,
408 2809 495 2831 nunc
512 2811 529 2832 e
545 2800 681 2843 pretioso
689 2812 772 2833 mar-

105 2839 231 2874 tactas
244 2851 314 2873 esse
334 2849 499 2881 memorat,
523 2843 557 2875 id
582 2854 709 2887 quoque
732 2845 773 2876 ad

144 2893 248 2916 ·orum
260 2885 386 2923 luxum,
402 2895 498 2927 quem
513 2887 627 2930 carpit,
637 2887 774 2920 reseren-

6 2953 22 2959 Α,
159 2927 310 2960 Laudant
325 2927 366 2959 de
388 2928 437 2960 bis
459 2930 618 2967 trabibus,
640 2930 775 2974 lapideis

5 2972 11 2987 '¹
81 2984 84 2992 =
100 2978 155 3002 ne
167 2975 201 3002 et
214 2971 410 3007 marmoreis,
428 2972 556 3006 Vitruv.
573 2973 618 3010 iii.
632 2975 652 3004 2
676 2980 710 3006 et
732 2976 774 3013 33

2 3018 34 3036 ⁵¹·
126 3013 285 3054 xxxvi,85
302 3013 523 3059 Plin.Paneg.
537 3017 591 3049 54.
627 3017 776 3050 Premimt

370 1198 570 1255 Benigna
590 1214 700 1242 vena
719 1206 813 1251 est3
845 1215 1172 1256 pauperemque
1195 1200 1316 1242 dives

813 1337 980 1373 columnas,
1004 1335 1256 1378 superimpositae
1290 1340 1366 1367 sunt
1392 1335 1566 1368 columnis.

819 1379 936 1409 Ultima
952 1381 1062 1410 recisus
1079 1379 1201 1420 Africa,
1220 1378 1320 1410 factas
1336 1389 1353 1410 e
1369 1389 1523 1411 marmore
1534 1379 1568 1412 in

813 1421 980 1453 remotiore
997 1421 1120 1453 Africae
1136 1428 1224 1464 parte
1247 1422 1367 1457 exciso,
1391 1421 1424 1453 h.
1440 1432 1469 1453 e.
1493 1423 1566 1454 Nu-

813 1463 944 1501 midico,
970 1464 1124 1506 subnigro
1150 1470 1182 1496 et
1207 1464 1303 1496 variis
1333 1465 1470 1496 maculis
1501 1465 1566 1497 dis-

814 1506 924 1539 tincto.
970 1508 1100 1550 Regiam
1123 1509 1237 1544 Attali,
1262 1507 1430 1540 immensas
1451 1508 1566 1546 Attali,

814 1550 896 1591 regis
920 1551 1205 1592 Pergamenorum,
1233 1550 1374 1587 divitias,
1408 1561 1464 1594 pro
1495 1553 1567 1593 qui-

815 1594 940 1635 busque
957 1594 1030 1625 aliis
1044 1594 1232 1636 ingentibus
1248 1594 1386 1626 divitiis:
1412 1595 1502 1626 hoeres
1518 1598 1567 1637 ig-

816 1644 916 1673 notus,
933 1637 1064 1673 nemini,
1089 1642 1124 1668 ut
1147 1637 1245 1668 haeres
1270 1636 1443 1678 legitimus,
1459 1643 1566 1674 notus,

815 1679 952 1716 alienus,
978 1680 1184 1721 haeredipeta,
1206 1680 1383 1710 vulturius:
1409 1684 1566 1720 occupavi,

812 1721 902 1763 justo
915 1722 1032 1753 haeredi
1042 1722 1189 1764 praeripui
1202 1734 1210 1760 ;
1225 1722 1328 1764 carpit
1336 1728 1442 1754 autem
1455 1723 1567 1754 nesan-

816 1764 890 1795 dam
907 1765 1009 1796 aetatis
1026 1775 1091 1797 suae
1106 1764 1282 1800 hominum,
1307 1770 1566 1798 testamentorum

817 1807 1072 1850 subjectionibus
1093 1807 1226 1849 aliisque
1249 1807 1342 1838 malis
1363 1809 1484 1839 artibus
1509 1809 1570 1840 ali.

817 1860 879 1882 ena
894 1851 978 1882 bona
992 1851 1053 1882 sibi
1067 1850 1262 1886 vindicandi,
1279 1850 1500 1893 cupiditatem.

861 1894 893 1930 7,
910 1896 942 1925 8.
967 1895 1032 1926 Nec
1060 1894 1226 1925 Laconicus
1249 1895 1325 1925 mihi
1347 1894 1490 1925 Trahunt
1515 1896 1565 1926 ho—

817 1943 906 1968 nestae
934 1948 1092 1978 purpuras
1121 1938 1259 1968 clientae:
1297 1947 1357 1968 nec
1391 1943 1511 1969 vestem
1547 1949 1566 1970 e

817 1980 892 2011 lana
915 1990 1052 2022 purpura
1078 1979 1192 2015 tincta,
1215 1989 1314 2021 quarn
1334 1978 1412 2010 mihi
1439 1980 1568 2013 clientae

815 2023 1009 2054 honestiores
1037 2028 1214 2058 traxerunt,
1253 2022 1430 2054 confectam
1468 2034 1567 2066 gero3

816 2066 847 2097 h.
863 2077 892 2097 e.
909 2076 974 2096 non
997 2076 1135 2108 purpura
1158 2065 1276 2106 fulgeo,
1291 2076 1355 2096 non
1371 2076 1566 2099 summorum

816 2109 1059 2150 magistratuum
1083 2108 1263 2150 insignibus
1283 2115 1413 2140 ornatus
1441 2110 1567 2143 incedo.

820 2153 959 2183 Honesta:
974 2154 1102 2188 clienter,
1126 2151 1270 2194 intellige
1292 2158 1453 2184 matronas
1475 2154 1566 2196 inge-

816 2206 909 2231 nuas,
937 2206 1013 2237 quae
1034 2196 1139 2227 lanam
1163 2202 1296 2238 patrono
1318 2206 1374 2227 suo
1398 2196 1566 2234 trahendo,

816 2245 968 2281 tanquam
985 2239 1158 2270 officiorum
1181 2239 1319 2280 quodam
1345 2249 1471 2280 genere,
1496 2241 1572 2283 ejus

816 2283 950 2324 gratiam
974 2282 1036 2312 sibi
1062 2281 1234 2314 conciliare
1255 2281 1402 2314 student:
1426 2288 1579 2315 ceterum·

817 2325 904 2368 quod
933 2326 1059 2356 honestae
1091 2330 1254 2360 vocantur,
1285 2335 1358 2356 cum
1390 2326 1566 2359 lanificium

813 2379 973 2400 servarum
1001 2368 1079 2399 alias
1105 2378 1184 2410 opus
1210 2373 1305 2404 esset,
1322 2367 1356 2399 id
1378 2368 1418 2399 ad
1442 2372 1566 2412 patroni

815 2412 1014 2443 nobilitatem
1035 2411 1215 2452 augendam
1240 2411 1289 2442 vel
1315 2412 1454 2443 maxime
1481 2413 1569 2445 facit.

816 2456 1003 2492 Laconicam
1037 2455 1099 2486 fuit
1125 2453 1212 2486 enim
1236 2465 1378 2497 purpura
1401 2455 1566 2493 Laconica,

816 2499 849 2530 h.
863 2509 891 2530 e.
909 2509 926 2530 e
942 2498 1074 2534 murice,
1089 2508 1182 2540 prope
1192 2508 1277 2529 oram
1297 2498 1448 2530 Laconiae
1460 2507 1566 2542 capto,

817 2541 948 2578 infecta,
977 2542 1019 2573 ob
1046 2541 1185 2573 colorem
1211 2541 1397 2572 lucidiorem
1421 2543 1566 2585 inprimis

817 2585 956 2616 nobilis:
983 2584 1070 2616 Plin.
1084 2583 1127 2620 ix,
1145 2585 1207 2623 363
1232 2585 1298 2621 xxi,
1315 2585 1356 2623 8;
1381 2595 1476 2622 xxxV.
1494 2587 1528 2618 6.

859 2629 980 2660 9—12.
1004 2630 1046 2659 At
1062 2629 1156 2669 fides,
1181 2627 1267 2670 apud
1296 2627 1489 2671 Bacchylid.
1506 2630 1528 2661 l.
1544 2630 1567 2662 l.

817 2671 910 2703 ἀλλὰ
926 2671 1033 2713 θυμὸς
1047 2671 1205 2713 εὐμενὴς.
1226 2670 1342 2702 Μοῖσά
1358 2683 1393 2703 τε
1416 2673 1567 2714 γλυκεῖα·

817 2715 890 2746 vitae
918 2713 1106 2758 probitatem
1140 2721 1173 2746 et
1207 2713 1432 2755 integritatem,
1467 2726 1564 2758 quam

817 2758 890 2795 sibi,
917 2763 954 2789 ut
978 2762 1093 2800 poetae,
1120 2757 1200 2788 alias
1222 2767 1351 2799 quoque
1371 2757 1485 2790 tribuit
1505 2760 1566 2802 (cf.

817 2811 889 2844 sup.
914 2801 936 2837 i,
965 2802 1020 2836 22,
1049 2801 1098 2841 1),
1124 2799 1290 2831 commode
1313 2811 1399 2831 nunc
1421 2803 1565 2844 opponit,

817 2855 914 2887 quam
941 2844 1038 2886 paulo
1065 2849 1134 2887 post
1157 2843 1320 2881 describit,
1344 2843 1478 2876 divitum
1506 2846 1566 2877 im-

817 2887 979 2931 probitati.
1026 2887 1139 2930 Ingeni
1150 2886 1294 2929 Benignu
1306 2898 1393 2925 verna,
1402 2887 1565 2929 ingenium

818 2941 858 2963 ex
879 2931 966 2963 fonte
989 2930 1076 2972 largo
1099 2929 1244 2965 affluens.
1268 2929 1301 2962 h.
1324 2940 1352 2961 e.
1376 2930 1497 2972 ingenii
1523 2931 1568 2963 vis

819 2974 955 3016 largior3
977 2985 1054 3005 vena
1091 2972 1187 3004 assim
1208 2982 1276 3016 pre,
1294 2973 1400 3011 fonte3
1423 2973 1568 3006 similiter

819 3018 878 3049 inf.
908 3016 1010 3060 Epist.
1039 3027 1057 3048 a
1111 3015 1178 3048 Pis.
1206 3026 1237 3047 v.
1264 3017 1340 3053 409,
1366 3018 1449 3047 dives
1479 3027 1566 3049 vena.
