1904 3314
305 190 389 230 462

796 191 1321 236 EPISTOLARUM

419 289 576 331 Vivere
597 304 675 331 nec
695 297 827 340 recte,
849 307 926 333 nec
949 293 1133 334 suaviter
1150 309 1159 334 :
1191 294 1307 336 haud
1328 296 1427 349 quia
1446 297 1610 350 grando

361 355 387 395 5
418 355 674 398 Contuderit
693 359 813 407 vites,
836 359 1022 400 oleamve
1043 361 1317 401 momorderit
1337 369 1480 411 aestus,

417 421 514 463 Nec
534 413 633 476 quia
652 422 893 477 longinquis
914 433 1148 466 armentum
1169 433 1350 480 aegrotet
1369 428 1411 467 in
1432 428 1566 481 agris;

418 487 507 527 Sed
527 488 641 540 quia,
661 495 801 529 mente
823 491 961 530 minus
983 489 1162 538 validus,
1185 506 1310 544 quam
1328 507 1508 546 corpore
1530 499 1636 543 toto,

416 551 493 592 Nil
513 552 660 592 audire
681 552 818 603 velim,
840 555 898 594 nil
922 556 1100 605 discere,
1123 558 1239 609 quod
1259 557 1371 599 levet
1391 573 1552 613 aegrum
1569 576 1578 609 3

416 617 535 658 Fidis
557 617 748 659 offendar
770 621 958 669 medicis,
981 621 1138 662 irascar
1159 623 1317 672 amicis,

337 683 387 723 10
417 684 506 724 Cur
526 699 590 725 me
612 684 783 726 funesto
804 693 1037 740 properent
1058 701 1202 728 arcere
1224 695 1424 738 vetern03

417 749 528 796 Quae
550 765 748 799 nocuere,
771 766 948 805 sequar3
980 752 1152 805 fugiam,
1175 768 1271 806 quae
1292 754 1465 807 profore
1486 755 1679 796 credam:

415 815 567 856 Romae
587 816 727 857 Tibur
747 832 880 857 amem
901 825 1117 866 ventosus,
1140 819 1306 860 Tibure
1328 819 1523 861 Romam.

417 880 523 922 Post
542 881 650 930 haec,
672 889 720 922 ut
738 882 888 931 valeat,
911 897 996 935 quo
1016 890 1142 936 pacto
1163 898 1250 924 rem
1270 891 1392 938 gerat
1411 892 1455 926 et
1475 900 1545 936 se;

418 946 479 987 Ut
499 946 665 1000 placeat
678 949 839 1001 juveni,
861 955 1126 1002 percontare,
1149 956 1281 1002 utque
1302 949 1481 991 cohorti.

335 1013 385 1052 15
415 1012 462 1052 Si
483 1013 609 1061 dicet,
629 1012 794 1062 Recte3
825 1013 1006 1066 primum
1025 1015 1237 1066 gaudere3
1270 1015 1450 1056 subinde

415 1077 684 1131 Praeceptum
705 1077 903 1119 auriculis
923 1078 1006 1119 hoc
1026 1078 1230 1120 instillare
1250 1087 1460 1122 memento
1477 1097 1486 1122 :

414 1142 477 1183 Ut
498 1151 544 1183 tu
564 1143 789 1193 fortunam,
813 1144 871 1184 sic
891 1158 969 1184 nos
991 1151 1047 1193 te,
1070 1144 1209 1194 Celse,
1231 1145 1427 1186 feremus.

305 1262 390 1294 terris
411 1263 611 1296 orientalibus
633 1276 703 1296 cum
726 1267 863 1298 exercitu
885 1267 1035 1299 versantis

306 1304 388 1345 (vid.
404 1307 533 1337 Wetzel.
551 1318 622 1349 sup.
641 1308 671 1338 in
689 1309 821 1348 Argum.
839 1309 879 1339 ad
899 1309 997 1350 Epist.
1013 1308 1033 1346 i,

304 1347 343 1384 3)
366 1353 431 1378 erat
451 1348 554 1379 scriba
573 1351 659 1390 (ηοξ,
675 1350 842 1390 Secretair)
862 1351 963 1381 Celsus
979 1352 1035 1380 Al-

305 1389 478 1420 binovanus.
522 1391 702 1425 Minantem,
725 1391 903 1423 molientem
929 1397 960 1422 et
986 1402 1034 1422 me

302 1430 448 1470 perficere
471 1431 550 1462 velle
571 1433 773 1472 profitentem.
818 1434 896 1470 Quae
917 1433 1032 1464 fuerint

303 1473 400 1502 multa
412 1471 467 1502 illa
481 1478 512 1503 et
522 1474 647 1512 pulchra
661 1476 778 1514 (grata,
787 1470 940 1515 jucunda,
952 1486 1030 1515 prae-

302 1512 404 1552 clara)
431 1513 546 1554 quibus
571 1515 757 1546 valetudinis
782 1526 879 1547 causa
907 1527 1031 1557 operam

302 1554 376 1585 dare
394 1556 469 1585 Hor.
485 1565 546 1586 non
567 1556 679 1597 potuit,
695 1557 766 1597 quis
786 1557 924 1588 divinet!
970 1559 1029 1588 Lo-

302 1595 388 1626 cutio
412 1599 524 1626 minari
547 1598 675 1637 aliquid,
701 1608 772 1640 sup.
798 1600 864 1630 Sat.
890 1599 924 1634 ii,
951 1601 983 1634 3,
1009 1601 1029 1630 9

301 1639 414 1677 (Atqui
437 1639 539 1668 vultus
561 1645 626 1669 erat
647 1641 744 1669 multa
763 1646 791 1670 et
808 1642 954 1679 praeclara
974 1644 1028 1671 mi-

302 1678 434 1717 nantis)
450 1678 488 1709 ad
507 1680 646 1710 carmina
663 1682 703 1711 ab
721 1682 851 1712 Horatio
869 1687 1031 1724 expectata

302 1719 462 1750 referenda
474 1726 531 1751 est.

342 1762 438 1792 4—6.
482 1762 577 1793 Haud
606 1765 677 1803 quia
706 1765 836 1804 grando,
866 1770 939 1795 cett.
972 1775 1030 1805 ego

301 1803 424 1834 crucior
456 1809 572 1842 autem,
601 1815 664 1836 non
698 1810 733 1835 ut
763 1805 897 1836 cruciari
929 1806 1030 1837 solent

299 1843 439 1875 homines
461 1845 571 1876 divites
595 1852 625 1876 et
650 1845 745 1882 avari,
766 1847 820 1877 ubi
840 1847 888 1878 vel
912 1849 1028 1887 grando

298 1886 375 1915 vites
390 1885 533 1926 perdidit,
546 1887 592 1918 vel
609 1888 683 1918 solis
697 1894 791 1918 aestus
803 1889 885 1919 oleas
898 1889 1028 1926 exussit,

299 1926 348 1956 vel
372 1928 495 1957 morbus
521 1934 660 1959 armenta
684 1930 837 1967 tentavit3
862 1931 916 1960 sed
942 1941 1027 1962 mens

298 1977 368 1997 mea
382 1968 462 1998 male
486 1978 518 1998 se
533 1969 626 2000 habet
640 1976 672 2001 et
685 1971 767 2000 malo
782 1977 901 2012 torpore
923 1971 1026 2013 depri-

297 2009 400 2039 mitur.
438 2010 564 2040 Grando
580 2013 854 2053 (χαλαζοκοπία)
873 2015 1026 2044 Contude-

298 2052 353 2084 rit,
369 2051 581 2086 verberaverit,
602 2063 675 2093 sup.
696 2054 758 2084 od.
778 2054 822 2090 iii,
843 2057 870 2091 1,
886 2056 939 2091 29,
958 2056 1026 2087 Non

295 2093 454 2122 verberam:
493 2092 699 2133 (sollicitant)
733 2098 885 2134 grandine
920 2099 1022 2128 vineae.

298 2134 494 2164 Momm-derit
521 2141 626 2164 oestus:
650 2136 799 2171 mordere,
825 2147 891 2177 pro,
923 2149 1022 2174 urere,

297 2181 359 2205 tam
374 2174 413 2205 de
433 2174 544 2215 frigore
559 2176 644 2217 (sup.
664 2177 728 2206 Sat.
748 2177 781 2212 ii,
797 2179 828 2213 6,
845 2180 897 2213 45,
916 2180 1022 2210 Mam-

297 2218 362 2246 tina
379 2227 486 2256 parum
511 2220 688 2256 cautosjam
703 2218 832 2259 frigora
857 2220 1020 2261 mordent),

295 2267 389 2298 quam
405 2257 443 2288 de
459 2257 553 2288 nimio
568 2258 642 2289 solis
657 2259 770 2290 calore.

337 2299 369 2330 6.
398 2299 583 2340 Longinquis
615 2301 648 2330 in
677 2304 778 2342 agris.-
808 2302 1019 2333 Romanorum

291 2340 375 2371 enim
397 2341 548 2371 beatiores
569 2347 707 2372 armenta
728 2342 760 2372 in
782 2345 904 2374 remotis
924 2344 1022 2384 regio-

295 2381 400 2417 nibus,
420 2382 577 2424 praecipue
599 2383 631 2412 in
651 2383 796 2415 Calabria
818 2390 850 2415 et
869 2386 1020 2422 Lucania,

295 2423 349 2454 ubi
376 2429 462 2454 erant
492 2423 573 2455 bona
598 2434 724 2466 pascua,
753 2426 834 2458 alere
861 2427 1021 2459 solebant:

1077 1277 1148 1309 sup.
1172 1267 1273 1309 Epod.
1302 1269 1331 1302 l,
1355 1269 1408 1304 27,
1436 1269 1490 1304 28,
1514 1269 1643 1300 Pecusve
1669 1270 1804 1300 Calabris

1077 1317 1146 1340 mne
1161 1311 1206 1339 sid
1211 1321 1243 1340 us
1248 1310 1408 1350 fervidum
1426 1310 1551 1341 Lucana
1565 1317 1659 1342 mutet
1670 1323 1781 1351 pascua
1794 1325 1802 1342 :

1078 1349 1120 1380 cf.
1136 1351 1198 1381 Od.
1214 1351 1235 1385 i,
1253 1353 1304 1388 31,
1320 1353 1352 1381 5.

1120 1393 1151 1422 7.
1175 1393 1277 1423 Mente
1295 1394 1392 1423 minus
1407 1394 1537 1428 validus,
1553 1405 1640 1434 quam
1662 1405 1779 1434 corpore
1791 1407 1802 1433 ,-

1075 1433 1200 1464 morbus
1215 1434 1308 1470 enim,
1323 1434 1378 1475 qui
1398 1445 1480 1465 nunc
1495 1440 1621 1466 vocatur
1636 1436 1801 1475 hypochon—

1074 1477 1155 1510 dria,
1170 1485 1231 1505 non
1247 1481 1308 1505 tam
1327 1477 1358 1506 in
1371 1481 1435 1506 toto
1448 1486 1584 1517 corpore,
1595 1485 1691 1518 quam
1702 1477 1803 1519 potius

1075 1515 1107 1546 in
1124 1524 1226 1547 mente
1240 1517 1344 1548 sedem
1360 1527 1447 1547 suam
1463 1517 1569 1548 habet.

1118 1560 1147 1588 8.
1172 1559 1228 1588 Nil
1244 1560 1353 1589 audire
1370 1560 1469 1594 velim,
1486 1564 1559 1589 cett.
1575 1570 1646 1600 quae
1663 1570 1801 1602 sequun-

1073 1604 1123 1629 tur
1138 1599 1259 1640 egregie
1281 1599 1440 1640 ingenium
1457 1605 1487 1632 et
1506 1606 1646 1632 naturam
1669 1601 1802 1634 hominis
1850 1607 1853 1611 “

1073 1641 1323 1680 hypochondriaci
1336 1647 1408 1674 ante
1423 1641 1529 1673 oeulos
1543 1648 1674 1684 ponunt.

1115 1683 1135 1713 9
1150 1692 1220 1724 sqq.
1244 1684 1293 1714 Ad
1312 1683 1459 1724 offendar,
1475 1685 1602 1720 irascar,
1617 1687 1802 1728 sequar-‚su-

1070 1725 1165 1764 giam,
1180 1736 1284 1760 amem,
1299 1731 1402 1766 repete
1417 1728 1497 1766 quia.

1121 1766 1170 1797 10.
1197 1766 1271 1802 Cur,
1287 1766 1368 1802 ideo,
1384 1766 1468 1807 quod
1490 1767 1572 1798 Plin.
1591 1767 1691 1809 Epist.
1705 1769 1751 1805 iii.
1766 1771 1799 1806 5,

1074 1806 1196 1846 Repeto,
1208 1819 1252 1838 me
1261 1815 1427 1848 correptum
1440 1810 1476 1838 ab
1487 1819 1529 1846 eo,
1542 1820 1597 1840 cur
1606 1812 1800 1843 ambularem.

1073 1848 1148 1879 Alia
1160 1850 1304 1891 exempla
1313 1861 1351 1880 ex
1367 1850 1518 1881 Cicerone
1528 1856 1560 1882 et
1571 1850 1660 1882 Livio
1674 1853 1801 1894 collegit

1073 1890 1254 1922 Lambinus.
1298 1891 1428 1923 Funesto
1463 1899 1592 1930 veterno,
1627 1894 1799 1934 pernicioso

1070 1931 1183 1963 mentis
1196 1938 1328 1974 torpore,
1342 1933 1502 1974 languore.

1117 1974 1166 2004 12.
1192 1974 1343 2009 Ventosus,
1355 1975 1438 2006 venti
1453 1975 1550 2006 instar
1565 1976 1737 2014 mutabilis,
1749 1977 1797 2008 in-

1070 2020 1230 2054 constans,
1248 2016 1362 2047 varius.
1404 2017 1454 2047 Sic
1469 2016 1526 2047 inf.
1542 2009 1646 2058 Epist.
1661 2018 1682 2054 i,
1697 2020 1729 2056 9,
1743 2021 1798 2058 37,

1067 2058 1150 2096 plebe
1168 2064 1294 2088 ventosa.

1111 2099 1163 2129 13.
1188 2099 1262 2129 Rem
1282 2105 1382 2139 gerat.
1405 2105 1441 2130 ut
1466 2098 1567 2130 scriba
1589 2101 1670 2141 apud
1695 2102 1795 2134 Nero-

1067 2149 1135 2170 nem
1151 2152 1159 2178 3
1182 2147 1210 2170 et
1226 2151 1266 2178 se,
1280 2146 1311 2171 et
1348 2141 1400 2172 uid
1415 2151 1516 2172 rerum
1531 2141 1597 2182 ipse
1607 2148 1704 2182 gerat.

1113 2181 1162 2210 14.
1185 2181 1307 2217 Juveni,
1323 2182 1330 2192 '
1350 2182 1394 2214 ib.
1409 2183 1460 2214 cl.
1475 2182 1605 2214 Neroni.

1110 2222 1160 2252 17.
1188 2223 1229 2252 Ut
1245 2224 1460 2264 tufortunam,
1475 2229 1548 2254 cett.
1593 2225 1726 2262 Qualem
1745 2233 1793 2264 tu,

1066 2263 1170 2298 Celse,
1190 2262 1222 2294 in
1241 2264 1375 2299 fortuna,
1392 2275 1463 2306 quae
1486 2265 1543 2295 tibi
1561 2275 1645 2297 nunc
1667 2268 1792 2305 arridet,

1064 2314 1135 2343 erga
1153 2315 1206 2335 nos
1225 2305 1387 2346 praebebis,
1404 2306 1481 2337 tales
1497 2315 1570 2347 erga
1588 2312 1617 2338 te
1637 2318 1692 2340 nos
1713 2321 1790 2351 prae-

1063 2346 1225 2383 bebimus;
1248 2347 1273 2377 si
1297 2357 1357 2383 me,
1374 2353 1511 2381 ,veterem
1533 2353 1620 2378 tuum
1643 2350 1791 2387 amicum,

1064 2393 1212 2428 praesente
1235 2394 1289 2418 tua
1310 2389 1445 2424 fortuna,
1470 2395 1505 2420 ut
1533 2395 1635 2426 antea,
1659 2393 1790 2430 amabis,

1064 2429 1201 2460 vicissim
1218 2439 1276 2470 ego
1293 2436 1322 2461 te
1337 2431 1458 2462 amabo.
