1904 3314
338 174 422 214 388

871 171 1301 215 SATIRARUM

338 273 422 314 210
452 273 696 315 Stultitiane
717 280 844 323 erret,
865 272 1041 314 nihilum
1061 273 1250 322 distabit,
1273 287 1326 314 an
1346 274 1420 314 ira.

450 340 580 394 Ajax,
602 355 731 394 quum
751 340 980 380 immeritos
1002 340 1170 389 occidit,
1193 339 1363 394 desipit,
1385 354 1542 395 agnos;

451 407 595 454 Quum
616 407 806 460 prudens
830 406 967 464 scelus
990 407 1044 447 ob
1066 407 1210 447 titulos
1231 407 1418 448 admittis
1441 408 1601 456 inanes,

451 473 549 514 Stas
566 474 732 514 animo?
749 480 792 514 et
806 488 959 527 purum
977 480 1042 513 est
1055 474 1155 513 vitio
1172 474 1261 522 tibi,
1277 488 1406 526 quum
1420 474 1629 515 tumidum
1641 479 1720 524 est,
1733 487 1807 515 cor
1821 475 1838 514 ἓ

450 537 497 579 Si
517 539 611 592 quis
631 537 780 580 lectica
799 539 975 579 nitidam
995 545 1164 592 gestare
1185 546 1296 579 amet
1316 554 1482 594 agnam,

335 604 418 645 215
448 604 564 645 Huic
585 613 745 645 vestem
765 612 812 645 ut
833 612 972 658 gnatae
993 611 1128 658 paret,
1151 604 1322 646 ancillas
1344 614 1479 660 paret,
1502 621 1666 655 aurum,

450 669 609 711 Rufam
630 678 673 712 et
692 670 896 711 Pusillam
923 669 1123 724 appellet,
1146 670 1332 724 fortique
1351 672 1501 712 marito

448 736 650 778 Destinet
670 751 846 778 uxorem
863 754 871 787 3
904 737 1131 778 interdicto
1151 737 1251 778 huic
1273 753 1394 779 omne
1415 739 1573 780 adimat
1586 739 1659 793 jus

447 801 628 853 Praetor,
650 810 694 844 et
713 803 768 843 ad
791 817 914 843 sanos
936 804 1061 843 abeat
1082 803 1214 844 tutela
1234 805 1512 858 propinquos.
1526 830 1542 841 ι

446 868 597 914 Quid?
627 869 662 908 si
682 869 776 922 quis
798 876 967 922 gnatam
989 883 1067 922 pro
1087 876 1203 909 muta
1224 871 1404 915 devovet
1424 885 1549 924 agna,

332 934 416 974 220
445 933 619 988 Integer
639 941 706 975 est
726 936 850 975 animi
864 937 889 974 ’ζ
911 949 963 974 ne
985 935 1157 975 dixeris.

1219 935 1353 989 Ergo,
1376 937 1450 976 ubi
1469 951 1601 990 prava

446 1000 651 1050 Stultitia,
674 1001 742 1042 hic
762 1008 829 1042 est
851 1015 1010 1040 summa
1029 1001 1217 1041 insania:
1249 1002 1322 1054 qui
1344 1001 1591 1051 sceleratus,

446 1065 507 1106 Et
527 1066 715 1106 furiosus
736 1068 842 1115 erit3
875 1081 998 1119 quem
1021 1067 1134 1119 cepit
1155 1066 1288 1106 vitrea
1309 1066 1433 1115 fama,

442 1132 572 1172 Hunc
594 1133 891 1173 circumtonuit
912 1132 1104 1185 gaudens
1127 1131 1307 1172 Bellona
1328 1133 1529 1187 cruentis.

443 1197 573 1238 Nunc
595 1213 688 1252 age,
710 1198 921 1239 luxuriam
942 1205 984 1238 et
1005 1197 1325 1239 Nomentanum
1345 1199 1485 1254 arripe
1505 1213 1683 1242 mecum.

329 1264 413 1305 225
443 1264 600 1305 Vincet
623 1266 733 1305 enim
755 1264 909 1305 stultos
931 1265 1038 1304 ratio
1058 1264 1242 1305 insanire
1265 1273 1458 1319 nepotes.

328 1405 412 1434 quem
435 1396 486 1434 qui
513 1404 546 1424 ex
571 1396 690 1434 regibus
711 1401 843 1425 constare
866 1396 953 1429 dizit,
980 1405 1060 1424 nnus

327 1446 427 1466 veram
450 1438 570 1475 speciem
591 1436 716 1466 Romam·
738 1442 858 1466 senatus
879 1438 966 1475 cepit,
983 1435 1015 1466 h.
1030 1446 1059 1466 e.

326 1487 429 1508 veram
453 1477 618 1518 imaginem
645 1483 771 1508 senatus
797 1478 934 1508 Romani
957 1477 1059 1507 animo

327 1519 488 1560 concepit:
513 1519 575 1549 vid.
597 1518 635 1548 ad
656 1519 687 1549 h.
703 1521 727 1549 l.
748 1520 838 1550 Crev.
885 1520 1056 1552 Tumultus.

326 1559 365 1592 de
377 1561 600 1592 vehementiore
614 1561 726 1591 mentis
740 1560 969 1602 perturbatione
982 1573 990 1598 3
1014 1561 1058 1591 sic

327 1612 396 1644 sup.
422 1603 484 1633 Od.
508 1602 540 1641 ii,
568 1603 616 1636 16.
642 1603 674 1637 9,
695 1605 793 1633 miseri
813 1604 919 1632 mentis
944 1604 1058 1632 tumul-

325 1650 392 1674 tus:
417 1645 494 1674 refer
508 1654 630 1674 omnem
647 1654 708 1674 rem
726 1644 766 1674 ad
782 1644 1059 1683 Agamemnonem,

325 1685 379 1726 qui
397 1695 459 1716 rem
477 1685 591 1716 bonam
605 1690 636 1715 et
657 1685 750 1715 simul
773 1686 933 1716 scelestam
956 1686 1059 1716 animo

326 1732 520 1768 conceperat.

367 1769 442 1799 212.
489 1769 532 1799 Ob
548 1771 816 1800 titulos—inanes:
841 1767 956 1809 quibus
974 1769 1060 1808 Aga-

323 1820 470 1841 memnon
485 1811 543 1841 hoc
557 1811 721 1842 scelestum
733 1810 827 1840 filiam
844 1821 931 1840 suam
949 1811 1060 1842 Dianae

325 1851 496 1884 devovendi
518 1853 696 1887 consilium,
716 1859 864 1893 tanquam
889 1863 950 1882 rem
974 1864 1060 1894 egre-

326 1893 420 1934 giam,
437 1894 520 1935 apud
540 1900 675 1936 posteros
693 1895 725 1924 in
747 1894 913 1924 annalibus
933 1899 964 1925 et
980 1896 1058 1936 pub-

325 1935 396 1966 licis
418 1936 626 1967 monumentis
650 1936 839 1966 celebratum
862 1936 897 1965 iri
919 1947 1059 1977 sperasse

323 1976 456 2008 videtur.
500 1978 600 2008 Scelus
626 1980 782 2008 admittere
807 1982 864 2013 est,
892 1979 993 2009 scelus
1024 1979 1056 2008 in

327 2019 465 2049 animum
489 2019 672 2054 admissum,
693 2019 725 2050 h.
747 2030 775 2050 e.
799 2019 902 2050 animo
925 2030 1055 2061 concep-

325 2065 404 2096 tum.
417 2060 607 2091 committere
615 2072 623 2098 ς
643 2061 716 2091 hinc
729 2071 810 2102 saepe
822 2063 979 2092 admittere
992 2073 1056 2104 pro,

322 2104 512 2132 committere.

367 2145 440 2174 213.
485 2144 525 2174 Et
545 2155 658 2184 purum
675 2151 727 2179 est,
744 2149 818 2175 cett.
838 2149 879 2178 et,
895 2154 967 2174 cum
988 2146 1055 2176 ani-

323 2195 391 2216 mus
408 2187 539 2216 tumidus
556 2193 597 2216 est
614 2185 768 2223 (inflatur,
784 2185 964 2227 impellitur,
981 2197 1055 2217 con-

322 2227 447 2262 citatur,
471 2237 517 2258 sc.
542 2226 686 2258 inanibus
708 2227 816 2262 titulis,
840 2237 919 2257 vana
946 2229 1054 2268 gloria,

321 2269 521 2300 affectionum
545 2269 604 2307 vi),
627 2279 697 2299 eum
719 2269 787 2299 vitii
809 2269 975 2310 (insaniae)
998 2281 1051 2301 ex-

322 2316 438 2352 pertem
452 2321 516 2342 esse
532 2316 621 2351 putas
635 2312 647 2339 't

363 2354 438 2383 214.
481 2353 514 2382 Si
536 2354 601 2392 quis
626 2354 742 2387 lectica,
766 2356 840 2383 cett.
888 2353 931 2383 Ut
955 2353 1053 2384 levius

319 2393 450 2425 insaniae
465 2404 561 2435 genus
576 2394 746 2434 distinguat
761 2404 779 2424 a
794 2393 931 2434 graviore
951 2394 1014 2425 sive
1035 2406 1053 2426 a

320 2436 448 2471 scelere,
478 2441 581 2466 narrat
611 2445 685 2470 rem,
716 2435 754 2466 ad
786 2436 918 2466 ridicula
951 2436 1053 2478 potius

319 2477 448 2509 insaniae
469 2487 579 2519 genera
595 2487 689 2519 quam
705 2477 744 2508 ad
761 2477 880 2508 seelera
895 2478 1051 2518 pertinen-

321 2524 405 2559 tem3
439 2519 578 2562 apposite
614 2524 717 2549 autem
754 2529 836 2560 agna
873 2519 903 2549 in
941 2520 1051 2552 lectica

319 2566 437 2602 gestata
455 2561 620 2603 opponitur
639 2560 710 2591 filiae
731 2561 981 2602 Agamemnonis,
997 2573 1051 2609 pro

319 2613 402 2644 agna
427 2613 487 2635 aroe
511 2603 654 2634 admotae.
699 2602 822 2633 Ges-tare
844 2610 931 2639 amet,
954 2604 1050 2634 ammi

318 2645 494 2676 delectandi
509 2654 606 2676 causa
622 2650 732 2684 gestet.

362 2688 436 2718 215.
480 2688 610 2723 Aurum,
647 2696 692 2717 sc.
732 2686 872 2725 factum;
909 2687 1050 2728 intellige

316 2728 464 2766 armillas,
486 2728 611 2763 fibulas,
635 2738 722 2763 acus,
749 2728 894 2766 annulos,
915 2734 988 2760 cett.
1012 2740 1050 2760 ex

317 2781 392 2803 auro
405 2770 564 2802 conflatos.

358 2813 433 2844 216.
478 2812 597 2852 Rufum
623 2818 651 2843 et
681 2811 830 2842 Pusillam
849 2823 858 2841 .·
881 2811 991 2842 mirum
1015 2813 1047 2843 in

317 2854 443 2886 modum
476 2853 509 2884 in
543 2853 592 2885 his
621 2852 800 2884 nominibus
827 2853 947 2884 variant
977 2860 1048 2887 vett.

316 2896 394 2928 libb.
405 2894 457 2927 ulii
471 2895 583 2936 Rufum
596 2900 627 2927 et
641 2896 781 2926 Pusillam
794 2906 803 2932 ;
823 2895 876 2926 alii
891 2896 1005 2937 Rufum
1017 2903 1048 2928 et

1105 1393 1274 1434 Rufillam,-
1299 1394 1351 1424 alii
1371 1395 1487 1435 Pupam
1505 1400 1560 1426 aut
1578 1397 1742 1436 Papinum,
1758 1404 1836 1430 cett.

1103 1435 1163 1466 Sed
1179 1436 1249 1476 quis
1271 1438 1303 1466 in
1323 1437 1538 1468 examinandis
1558 1442 1590 1468 et
1611 1439 1837 1471 constituendis

1101 1477 1256 1517 ejusmodi
1294 1479 1481 1515 nominibus,
1519 1479 1701 1511 blandiendi
1739 1491 1835 1513 causa

1102 1518 1194 1552 fictis.
1218 1529 1340 1559 operam
1369 1521 1498 1561 perdat?
1541 1522 1591 1552 De
1616 1522 1835 1563 appellationi-

1102 1560 1160 1590 bus
1182 1561 1374 1591 mollioribus
1396 1568 1427 1592 et
1446 1562 1659 1595 blandioribus
1680 1569 1728 1596 est
1747 1565 1836 1596 locus

1103 1612 1174 1643 sup.
1191 1603 1256 1633 Sat.
1271 1602 1292 1638 ἱ,
1310 1605 1340 1638 3,
1358 1606 1399 1635 45
1414 1613 1481 1646 sqq.

1145 1645 1219 1674 217.
1247 1645 1329 1675 Huic
1343 1646 1406 1687 (sic
1426 1645 1610 1686 insanienti)
1623 1654 1736 1687 prater
1749 1658 1833 1680 omne

1092 1687 1150 1724 jus
1167 1688 1306 1727 (omnem
1323 1687 1454 1718 liberum
1472 1688 1621 1720 bonorum
1639 1691 1750 1730 usum)
1767 1692 1834 1722 adi-

1103 1734 1164 1757 mat
1188 1730 1357 1759 interdictu.
1401 1729 1599 1760 Interdictum
1617 1730 1684 1772 jam
1707 1737 1757 1763 est
1780 1733 1836 1764 de-

1103 1774 1234 1806 cretum,
1261 1770 1352 1801 certis
1379 1771 1520 1802 formulis
1547 1778 1743 1814 conceptum,
1771 1785 1835 1816 quo

1103 1817 1215 1850 praetor
1236 1811 1354 1852 aliquid
1378 1813 1443 1844 fieri
1466 1813 1515 1844 vel
1535 1813 1628 1854 jubet
1650 1815 1699 1846 vel
1723 1821 1831 1847 vetat:

1102 1852 1165 1882 vid.
1193 1854 1317 1885 Ernest.
1341 1855 1374 1885 in
1399 1855 1489 1886 Clav.
1514 1855 1584 1887 Cic.
1607 1866 1634 1887 s,
1658 1866 1688 1887 v.
1731 1857 1834 1889 Inter-

1102 1895 1226 1925 dictum.

1145 1937 1220 1966 218.
1270 1937 1309 1967 Et
1331 1939 1370 1968 ad
1388 1948 1472 1969 sanos
1492 1940 1577 1970 abeat
1595 1941 1693 1970 tutela
1707 1943 1831 1981 propin-

1099 1989 1190 2017 quos:
1228 1978 1348 2010 scilicet
1383 1979 1423 2010 ad
1461 1980 1560 2020 legem
1599 1981 1633 2011 in
1666 1981 1830 2015 duodecim

1099 2020 1212 2055 Tabb„
1229 2031 1324 2061 quam
1342 2022 1455 2063 profert
1469 2023 1580 2054 Cicero
1599 2022 1638 2054 de
1658 2023 1784 2057 Invont.
1798 2025 1832 2064 ii,

1100 2062 1152 2096 50,
1165 2062 1345 2102 Sisuriosus
1359 2069 1411 2099 est,
1423 2071 1604 2104 agnatorum
1613 2067 1832 2109 gentiliumque

1099 2104 1131 2132 in
1146 2113 1178 2132 eo
1191 2107 1374 2145 pecuniaque
1387 2108 1450 2146 ejus
1465 2113 1589 2145 potestas
1603 2113 1673 2138 esto.

1141 2145 1216 2176 219.
1243 2147 1303 2176 Pro
1317 2154 1412 2183 mura,
1429 2147 1530 2186 bruta,
1545 2147 1672 2180 rationis
1685 2155 1825 2192 experte:

1100 2185 1140 2215 cf.
1155 2196 1224 2227 sup.
1241 2188 1306 2218 Sat.
1321 2188 1344 2223 i,
1359 2189 1390 2223 3,
1410 2189 1482 2219 100.

1140 2227 1322 2259 220—223.
1370 2230 1461 2270 Ergo,
1483 2232 1546 2266 ubi,
1570 2235 1658 2266 cett„
1680 2241 1752 2272 ergo
1774 2233 1828 2274 qui

1097 2269 1192 2299 stulte
1214 2275 1349 2300 sectatur
1368 2281 1473 2312 prava,
1492 2272 1662 2303 rectissime
1679 2272 1828 2314 insanum

1097 2310 1150 2350 qui
1178 2317 1332 2352 perpetrat
1361 2313 1489 2347 scelera.
1514 2324 1576 2344 non
1601 2314 1704 2345 solum
1730 2315 1827 2347 scele-

1096 2358 1192 2388 ratus,
1226 2354 1280 2384 sed
1313 2354 1405 2384 etiam
1431 2355 1574 2395 furiosus
1605 2366 1645 2398 ap
1683 2356 1828 2397 Habitum

1095 2393 1149 2433 qui
1167 2394 1288 2425 virtutis
1311 2396 1431 2427 bellicae
1452 2397 1549 2437 gloria
1573 2407 1648 2439 exsp
1662 2397 1828 2432 endescere

1095 2435 1195 2476 cupit,
1212 2446 1282 2467 eum
1298 2438 1431 2468 Bellona
1444 2440 1579 2480 gaudens
1590 2439 1826 2482 (χαιρέιὲακος)

1094 2477 1185 2508 rebus
1208 2479 1344 2509 cruentis
1365 2479 1466 2511 furore
1487 2479 1536 2511 vel
1557 2482 1611 2521 (ut
1633 2481 1769 2523 loquitur
1788 2483 1828 2515 de

1094 2519 1228 2550 Bellona
1244 2521 1392 2551 Juvenal.
1408 2521 1449 2557 iv.
1466 2522 1544 2561 123)
1559 2529 1654 2554 cestro
1667 2524 1813 2565 percutit.

1136 2562 1211 2592 222.
1245 2562 1284 2591 Et
1290 2562 1443 2602 furiosus.
1476 2563 1518 2593 Et
1531 2574 1599 2606 pro,
1613 2564 1718 2600 etiam,
1735 2566 1826 2598 adeo.

1096 2602 1212 2675 ἴξενὲα,
1241 2604 1424 2646 splendida:
1451 2604 1512 2636 vid.
1544 2615 1614 2648 sup.
1644 2606 1685 2638 ad
1711 2607 1775 2640 Od.
1803 2608 1826 2646 i,

1134 2688 1208 2717 2⁴23.
1233 2688 1468 2724 Circumtanut't,
1483 2687 1709 2721 circumi-onam
1722 2689 1802 2722 solet
1810 2702 1821 2730 3

1093 2733 1236 2766 cruentis,
1250 2739 1294 2761 sc.
1308 2731 1400 2761 rebus
1415 2730 1462 2760 vel
1477 2730 1675 2772 spectaculis.
1717 2767 1719 2770 Α

1136 2771 1212 2802 224.
1233 2771 1325 2802 Nunc
1335 2781 1403 2813 age.
1426 2772 1499 2803 Jarn
1511 2771 1688 2809 Stertinius,
1697 2777 1823 2813 nepotes

1091 2817 1122 2843 et
1156 2812 1301 2854 prodigos
1333 2823 1458 2855 quoque
1491 2813 1627 2844 insanire
1661 2813 1823 2851 docturus,

1091 2853 1170 2885 redit
1193 2855 1232 2885 ad
1253 2855 1498 2892 Nomentanum,
1517 2865 1608 2896 quem
1628 2855 1695 2897 jam
1714 2865 1744 2886 v.
1761 2857 1822 2888 175

1091 2895 1250 2937 produxit.
1294 2898 1414 2936 Arripe,
1430 2896 1470 2928 ad
1490 2897 1676 2929 sententiam
1694 2906 1714 2928 a
1732 2897 1822 2929 nobis
