1904 3314
342 206 425 246 510

838 207 1362 251 EPISTOLARUM

451 305 554 346 Non
575 305 769 348 fraudem
791 308 905 349 socio
925 323 1112 363 puerove
1132 310 1336 364 incogitat
1356 309 1481 351 ullam

451 372 647 427 Pupillo;
679 374 779 415 vivit
800 374 961 429 siliquis
982 383 1025 416 et
1045 390 1155 430 pane
1177 377 1365 418 secundo
1384 393 1392 418 :

451 439 620 481 Militiae
641 455 895 496 quamquam
915 444 1037 497 piger
1057 450 1100 484 et
1121 443 1270 493 malus,
1293 444 1406 485 utilis
1427 444 1548 484 urbi:

342 502 423 546 1525
453 506 501 546 Si
521 506 598 547 das
620 505 716 556 hoc,
738 507 879 560 parvis
901 523 1073 562 quoque
1094 510 1223 550 rebus
1244 524 1398 564 magna
1412 510 1569 564 juvari,

451 571 516 612 Os
539 578 731 613 tenerum
753 574 875 627 pueri
894 574 1153 627 balbumque
1174 582 1302 628 poeta
1321 575 1505 629 figurat3

450 638 647 693 Torquet
669 640 723 680 ab
745 640 959 680 obscoenis
976 640 1064 693 jam
1085 655 1196 681 nunc
1219 642 1484 682 sermonibus
1507 655 1674 689 aurem3

449 704 560 746 Mox
579 706 705 746 etiam
726 713 878 759 pectus
899 707 1128 760 praeceptis
1148 706 1300 748 format
1321 708 1479 756 amicis,

449 771 710 826 Asperitatis
733 779 776 813 et
796 773 966 814 invidiae
986 780 1202 815 corrector
1224 781 1267 815 et
1287 774 1361 815 irae
1379 791 1388 824 3

341 838 422 879 130
451 837 591 879 Recte
613 837 726 878 facta
745 838 903 888 refert3
935 840 1113 879 orientia
1135 846 1327 894 tempora
1347 841 1459 882 notis

450 904 628 945 Instruit
649 903 854 958 exemplis
872 921 881 953 3
913 905 1082 959 inopem
1103 905 1263 946 solatur
1284 913 1327 947 et
1348 921 1523 961 aegrum.

452 970 595 1010 Castis
617 985 713 1011 cum
734 971 877 1023 pueris
900 971 1047 1024 ignara
1067 970 1210 1024 puella
1230 972 1367 1012 mariti

450 1036 656 1077 Disceret
675 1037 790 1076 unde
811 1050 976 1089 preces,
998 1043 1136 1076 vatem
1157 1037 1200 1076 ni
1222 1037 1351 1077 Musa
1372 1038 1594 1079 dedisset?

450 1102 597 1143 Poscit
622 1117 746 1156 opem
767 1102 939 1151 chorus,
961 1108 1004 1142 et
1024 1103 1254 1155 praesentia
1273 1103 1444 1144 numina
1465 1103 1620 1154 sentit3

342 1170 421 1210 135
451 1168 661 1210 Coelestes
684 1168 883 1222 implorat
904 1183 1035 1221 aquas
1058 1168 1186 1209 docta
1205 1183 1332 1221 prece
1354 1168 1537 1210 blandus
1555 1186 1565 1219 ;

449 1234 621 1275 Avertit
640 1235 827 1283 morbos,
850 1234 1079 1275 metuenda
1098 1233 1288 1288 pericula
1307 1233 1426 1288 pellit
1444 1251 1454 1284 ;

450 1301 655 1356 Impetrat
676 1309 718 1342 et
740 1316 888 1356 pacem
909 1307 950 1342 et
971 1299 1228 1354 locupletem
1249 1300 1444 1355 frugibus
1466 1315 1649 1351 annum;

340 1435 406 1467 Pis.
421 1437 495 1473 457,
519 1437 581 1468 Hic
599 1439 672 1468 dum
689 1437 826 1467 sublimes
847 1447 947 1468 versus
969 1442 1074 1466 ructa-

342 1484 395 1508 tur
423 1485 451 1509 et
480 1486 574 1510 errat.
630 1479 767 1513 Quantas
797 1479 929 1508 Virtutes
958 1479 1074 1512 habeut,

344 1530 417 1550 cum
430 1521 557 1561 quantis
569 1520 740 1551 commodis
750 1526 780 1551 et
793 1519 1076 1562 opportunitatibus

339 1561 508 1603 conjuncta
523 1562 575 1592 sit.
619 1563 669 1593 Sic
683 1564 800 1603 collige,
817 1572 854 1593 ex
871 1561 1076 1603 sequentibus

340 1608 566 1644 argumentare.

384 1645 458 1675 120.
484 1645 550 1675 Non
568 1652 683 1681 temere,
704 1655 767 1676 non
790 1644 895 1681 facile,
912 1649 947 1674 ut
967 1644 1024 1674 ins.
1040 1644 1072 1674 in

339 1686 441 1726 Epist.
470 1687 509 1716 ad
538 1686 604 1717 Pis.
634 1688 705 1718 160.
749 1687 814 1717 Hoc
842 1688 941 1717 studet
964 1698 1071 1721 unum,

339 1727 398 1758 hoc
413 1738 509 1758 unum
534 1728 634 1759 facere
652 1729 701 1759 vel
723 1734 854 1759 tractare
872 1729 996 1766 studet3
1019 1728 1072 1759 ubi

338 1769 422 1800 enim
452 1771 570 1800 studere
601 1771 776 1801 accusativo
802 1770 957 1811 jungitur,
988 1770 1073 1811 ejus-

338 1811 422 1841 modi
450 1811 570 1853 aliquid
596 1813 802 1854 supplendum
831 1817 888 1843 est.
933 1812 1003 1843 Cic.
1033 1811 1071 1842 ad

340 1852 465 1884 Divers.
487 1854 529 1888 vi,
560 1855 588 1889 l,
615 1855 674 1885 sub
698 1854 750 1885 fin.
773 1856 836 1894 qui,
853 1857 876 1884 si
892 1855 968 1885 nihil
984 1855 1072 1884 aliud

339 1896 458 1925 studeat
474 1895 614 1936 (agere),
631 1898 690 1926 nisi
705 1899 736 1926 id
750 1898 825 1936 quod
841 1899 916 1938 agit.

384 1937 457 1967 121.
505 1937 608 1972 Ridet,
633 1943 781 1979 tanquam
805 1948 852 1968 res
876 1937 953 1968 nibil
978 1938 1016 1968 ad
1039 1947 1072 1968 se

338 1977 550 2019 pertinentes;
581 1989 651 2010 narn
679 1979 733 2020 qui
763 1979 841 2010 nihil
869 1980 973 2016 habet,
995 1979 1074 2010 nihil

340 2019 466 2061 perdere
503 2025 593 2051 otest.

384 2062 456 2092 122.
499 2063 631 2102 ncogitut
655 2062 811 2102 (ἐπινοεῖ,
837 2062 1072 2103 ἐπιβουλεύει),

338 2102 545 2142 excogitando
560 2103 658 2141 struit,
674 2110 771 2145 parat.

386 2146 457 2175 123.
483 2145 563 2175 Vivit
575 2146 701 2185 siliquis.
745 2146 876 2186 Siliquae,
893 2146 982 2177 cibus
996 2156 1072 2187 pau*

339 2196 458 2228 perum,
475 2192 647 2217 nascuntur
668 2186 700 2217 in
720 2188 828 2218 arbore
849 2198 921 2228 quae
937 2197 955 2218 a
971 2188 1072 2218 fructu

340 2237 409 2264 suo,
427 2229 467 2258 ad
490 2228 617 2258 sormam
640 2238 735 2259 cornu
758 2229 791 2259 in
813 2229 967 2270 superiore
987 2234 1073 2270 parte

339 2270 431 2306 flexo,
447 2270 567 2301 Graecis
580 2269 692 2301 dicitur
708 2272 903 2312 κερατωνία,
919 2271 1069 2312 κερωνία,

339 2312 502 2353 κερατεία,
525 2317 556 2342 et
571 2311 636 2353 ipse
651 2312 770 2343 fructus
785 2313 949 2354 κεράτιον.
995 2313 1069 2343 Fre-

339 2364 439 2395 quens
462 2358 508 2384 est
533 2353 589 2384 illa
610 2354 700 2384 arbor
722 2365 783 2385 non
806 2355 907 2385 solum
930 2354 962 2384 in
985 2354 1070 2384 terris

338 2395 551 2431 orientalibus,
568 2396 621 2426 sed
638 2396 731 2426 etiam
748 2395 779 2425 in
798 2396 933 2431 Graecia,
947 2396 1067 2431 Sicilia,

338 2443 371 2468 et
391 2437 423 2468 in
445 2436 606 2478 Hispania.
651 2438 828 2469 Columella
842 2438 895 2473 vii,
910 2439 942 2468 9.
958 2438 996 2468 de
1010 2438 1070 2468 Ar-

338 2479 406 2510 bor.
429 2484 521 2510 vocat
538 2480 661 2519 siliquas
683 2481 802 2510 Graecas
820 2485 850 2510 et
870 2480 972 2521 porcis
989 2479 1069 2520 sagi-

339 2521 450 2552 nandis
465 2520 570 2552 utiles.
612 2521 707 2562 Apud
730 2532 785 2552 nos
807 2522 894 2552 arbor
909 2521 963 2552 illa
978 2531 1070 2552 voca-

339 2568 389 2594 tur
413 2563 752 2600 Johannis-Brotbaum,
779 2563 855 2604 quia
879 2564 992 2604 siliquae
1015 2564 1069 2595 Jo-

338 2604 434 2636 hanni
450 2604 601 2646 Baptistae
620 2604 652 2635 in
674 2604 793 2636 deserto
815 2605 928 2636 viventi
951 2605 1067 2636 victum

338 2646 507 2688 praebuisse
539 2645 697 2677 dicuntur.
758 2647 918 2678 Ceratonia
951 2648 1068 2687 Siliqna

337 2689 419 2736 apud
436 2688 612 2719 Linnaeum.
658 2689 743 2718 Pane
755 2691 893 2724 secundo,
915 2689 1067 2720 secunda-

337 2740 394 2768 rio,
415 2730 447 2761 h.
467 2740 496 2760 e.
519 2729 618 2771 nigro.
661 2731 772 2762 Facete
799 2730 948 2762 Horatius
967 2731 1068 2772 desig-

336 2777 393 2803 nat
406 2777 527 2813 poetam
541 2771 729 2803 famelicum.

384 2815 457 2845 124.
483 2813 586 2844 Malus
602 2814 748 2855 (κακὸς),
767 2813 909 2854 ignavuS,
933 2814 1069 2845 timidus.

383 2856 455 2887 125.
477 2855 510 2886 Si
524 2857 578 2886 das
597 2857 660 2890 hoc,
683 2861 758 2886 cett.
777 2855 802 2886 si
824 2856 981 2893 concedis,
998 2866 1068 2898 par-

337 2897 385 2928 vis
398 2898 488 2928 rebus
500 2907 627 2938 magnas
637 2897 739 2939 juvari
754 2907 856 2939 posse,
870 2898 928 2928 hoc
943 2908 1067 2939 quoque

336 2938 490 2972 concedas
505 2949 631 2972 necesse
654 2944 712 2975 est,
731 2940 813 2980 quod
831 2939 1007 2981 paradoxon
1024 2941 1067 2971 vi-

1118 1434 1182 1466 deri
1197 1440 1308 1477 posset,
1321 1441 1427 1477 poetas
1440 1435 1620 1477 reipublicae
1637 1445 1748 1476 magna
1762 1445 1848 1467 com-

1118 1477 1210 1508 moda
1226 1477 1344 1508 afferre.

1164 1520 1236 1550 126.
1261 1520 1300 1549 Os
1322 1525 1471 1554 tenerum,
1501 1523 1574 1550 cett.
1619 1519 1716 1550 Nunc
1746 1520 1848 1550 Hora-

1119 1560 1180 1590 tius
1194 1560 1293 1591 varias
1307 1559 1390 1590 docti
1400 1566 1498 1600 poetae
1510 1560 1636 1591 virtutes
1649 1561 1779 1592 breviter
1792 1563 1847 1592 ad-

1115 1602 1247 1633 umbrat.
1293 1604 1436 1644 Figurat,
1460 1602 1560 1643 fingit,
1585 1601 1659 1633 dum
1676 1603 1845 1634 facundum

1115 1650 1147 1674 et
1162 1643 1310 1675 disertum
1327 1643 1428 1675 reddit
1441 1653 1476 1674 os
1494 1644 1634 1675 balbum.

1161 1687 1234 1716 127.
1255 1686 1325 1716 Jam
1351 1696 1443 1722 nuuc,
1471 1685 1537 1727 jam
1561 1685 1594 1716 in
1618 1690 1723 1717 tenera
1745 1691 1848 1718 aetate.

1119 1727 1263 1758 Obscoenis
1278 1729 1471 1758 sermonibus.-
1489 1733 1521 1758 at
1532 1727 1598 1769 ipse
1613 1727 1761 1759 Horatius
1776 1738 1848 1776 pas-

1117 1768 1174 1799 sim
1205 1770 1344 1799 carmina
1378 1778 1436 1799 sua.
1465 1769 1622 1800 obscoenis
1655 1771 1846 1801 sermonibus

1138 1811 1240 1842 olluit.

1117 1822 1137 1853 p
1163 1855 1232 1884 128.
1258 1852 1509 1894 Pectusformat:
1531 1853 1725 1895 pro,sormat
1739 1854 1846 1885 malim

1106 1895 1230 1934 firmat,
1255 1895 1286 1926 h.
1311 1905 1341 1926 e.
1368 1894 1536 1931 confirmat,
1562 1895 1684 1934 munit;
1713 1901 1760 1926 est
1786 1896 1845 1927 hoc

1116 1943 1198 1968 certe
1213 1937 1451 1977 significantiuS.
1495 1936 1624 1968 Tacitus
1648 1937 1767 1969 Annal.
1785 1939 1847 1974 xvi,

1116 1980 1167 2009 34.
1183 1990 1209 2008 s.
1224 1979 1290 2015 fin„
1309 1980 1445 2009 Ceterum
1461 1980 1494 2008 in
1507 1989 1541 2008 ea
1557 1985 1685 2018 tempora
1701 1985 1791 2010 natus
1806 1991 1846 2016 es,

1116 2022 1221 2060 quibus
1229 2022 1359 2061 firmare
1380 2022 1512 2051 animum
1529 2022 1664 2060 expediat
1683 2024 1847 2053 constanti-

1116 2064 1170 2093 bus
1181 2064 1330 2102 exemplis.
1381 2063 1538 2102 Praeceptis
1550 2064 1664 2098 amicis,
1674 2063 1846 2100 benevolis,

1116 2105 1298 2140 commodis,
1313 2103 1514 2135 salutaribus.

1163 2147 1234 2177 129.
1257 2147 1447 2185 Asperitatis,
1473 2145 1646 2177 incultioris
1666 2150 1697 2176 et
1711 2146 1845 2188 asperio-

1117 2187 1157 2217 ris
1172 2187 1255 2218 vitae.
1299 2187 1393 2218 Ovid.
1408 2198 1446 2218 ex
1463 2189 1557 2218 Pont.
1575 2188 1596 2225 i,
1618 2189 1649 2224 6,
1670 2188 1701 2224 7,
1720 2189 1848 2219 Artibus

1116 2231 1267 2270 ingenuis,
1295 2240 1423 2269 quarum
1454 2231 1510 2259 tibi
1538 2231 1665 2260 maxima
1693 2241 1767 2261 cura
1791 2238 1845 2266 est,

1114 2271 1239 2301 Pectora
1255 2271 1429 2301 mollescunt
1444 2272 1642 2311 asperitasque
1646 2271 1752 2313 fugit.

1158 2313 1229 2349 130,
1259 2313 1330 2343 131.
1368 2312 1506 2343 Orientia
1531 2318 1662 2352 tempora
1691 2314 1768 2344 uotis
1792 2313 1845 2343 In·

1111 2356 1203 2384 struit
1217 2355 1363 2394 exemplis.
1382 2359 1454 2385 ante
1467 2353 1575 2384 oculos
1617 2353 1683 2385 onit
1697 2359 1771 2385 nota
1791 2364 1844 2385 ex-

1113 2396 1226 2438 empla,
1245 2407 1316 2437 quae
1337 2396 1449 2427 futurae
1470 2395 1571 2427 aetatis
1612 2395 1732 2427 omines
1745 2396 1840 2428 virtu·

1113 2442 1174 2468 tem
1202 2438 1291 2478 sequi
1317 2442 1349 2468 et
1375 2437 1450 2468 vitia
1476 2437 1581 2478 fugere
1602 2437 1746 2470 doceant.
1788 2439 1844 2469 AE-

1110 2490 1214 2519 grum,
1242 2489 1288 2510 sc.
1314 2478 1396 2510 curis
1422 2481 1509 2520 (nos,
1534 2481 1592 2510 den
1615 2480 1844 2516 bekizmmerten,

1113 2522 1396 2562 schwerm'u'thigeu)
1414 2533 1426 2558 ,·
1468 2521 1514 2552 sic
1551 2520 1731 2563 simpliciter
1767 2533 1844 2564 eger

1114 2563 1198 2605 apud
1222 2563 1309 2603 Virg.
1334 2563 1405 2594 Ecl.
1430 2562 1452 2598 i,
1477 2563 1526 2597 13,
1551 2562 1612 2599 En,
1633 2565 1695 2603 ipse
1715 2565 1844 2604 capellas

1113 2605 1260 2635 Protenus
1282 2615 1360 2646 aeger
1382 2616 1450 2646 ago,
1477 2603 1531 2636 ubi
1562 2605 1706 2645 Heynius
1732 2611 1763 2636 et
1788 2606 1842 2637 ulii

1112 2657 1269 2694 perperam
1291 2657 1380 2687 aeger,
1398 2646 1446 2678 vel
1467 2655 1533 2688 pro,
1553 2656 1629 2688 egre
1649 2645 1701 2687 (h.
1722 2656 1751 2678 e.
1770 2646 1840 2688 vix)

1112 2695 1259 2730 posltum,
1277 2689 1324 2719 vel
1344 2689 1383 2719 de
1407 2687 1529 2719 homine
1548 2687 1630 2719 male
1651 2687 1755 2719 affecti
1775 2698 1843 2720 cor-

1112 2730 1194 2772 poris
1216 2730 1334 2761 dictum
1355 2740 1423 2761 esse
1444 2728 1636 2760 existimant.
1679 2729 1732 2761 Sic
1757 2730 1840 2772 apud

1114 2773 1188 2803 Val.
1218 2772 1323 2803 Flacc.
1353 2771 1398 2807 iii,
1429 2772 1504 2807 571.
1533 2771 1573 2802 de
1602 2771 1752 2807 Hercule,
1783 2772 1841 2803 Sed

1112 2824 1204 2854 neque
1230 2815 1312 2853 apud
1341 2815 1439 2848 socios,
1467 2819 1653 2853 structasque
1676 2815 1708 2844 in
1739 2814 1841 2845 liuore

1113 2867 1224 2887 mensas
1239 2855 1422 2886 Unanimum
1436 2855 1516 2885 videt
1525 2865 1601 2896 aeger
1610 2853 1730 2902 Hylan.
1767 2856 1839 2887 Vox

1110 2909 1184 2929 cura
1201 2896 1323 2928 additur
1340 2895 1424 2938 apud
1446 2896 1536 2937 Virg.
1554 2897 1631 2927 AEn.
1646 2906 1668 2931 ι,
1684 2897 1759 2933 207,
1783 2897 1839 2928 ubi

1112 2941 1232 2971 AEneas
1246 2941 1327 2970 curis
1341 2939 1511 2980 ingentibus
1524 2948 1602 2980 ωεστ
1616 2937 1740 2969 dicitur.
1837 2948 1839 2950 ·
