1884 3288
287 208 372 248 284

890 209 1191 251 EPODON

510 305 619 347 Tuis
641 305 818 360 capillus
839 293 965 348 albus
981 314 1047 348 est
1068 308 1288 355 odoribus,

509 371 689 414 Nullum
708 388 731 413 a
751 372 895 415 labore
916 388 981 414 me
1003 372 1178 414 reclinat
1199 372 1344 413 otium.

425 439 481 479 25
511 439 651 494 Urget
671 441 783 481 diem
802 455 902 490 nox,
924 447 966 481 et
987 440 1077 480 dies
1099 446 1280 487 noctem,
1302 451 1441 491 neque
1461 444 1530 479 est

510 505 675 547 Levare
697 514 814 547 tenta
836 507 990 560 spiritu
1011 506 1262 560 praecordia.

509 571 642 626 Ergo,
665 580 880 627 negatum,
902 573 1059 620 vincor,
1081 578 1129 612 ut
1150 572 1319 612 credam
1339 571 1479 620 miser,

511 637 682 679 Sabella
702 646 852 692 pectus
873 639 1093 692 increpare
1115 638 1314 687 carmina,

508 704 734 758 Caputque
756 705 903 746 Marsa
924 703 1107 745 dissilire
1128 703 1278 744 naenia.

423 772 479 812 30
510 771 629 818 Quid
649 771 827 825 amplius
849 772 939 811 vis?
972 771 1013 811 O
1036 785 1147 811 mare
1168 777 1211 810 et
1232 770 1369 810 terra!
1401 769 1547 818 ardeo,

509 837 729 884 Quantum
749 852 887 891 neque
909 844 1002 878 atro
1023 836 1241 878 delibutus
1264 834 1478 876 Hercules

508 903 639 944 Nessi
659 918 824 953 cruore,
847 918 924 945 nec
949 904 1102 946 Sicana
1122 903 1286 944 fervida

509 971 675 1012 Furens
695 971 740 1011 in
760 970 895 1011 AEtna
915 970 1093 1011 flamma.

1154 969 1241 1018 Tu,
1263 969 1400 1010 donec
1419 967 1524 1010 cinis

509 1038 731 1091 Injuriosis
754 1038 899 1078 aridus
919 1037 1055 1078 ventis
1078 1036 1202 1085 ferar,

425 1104 482 1145 35
511 1103 635 1144 Cales
658 1103 828 1143 venenis
850 1103 1016 1144 officina
1037 1101 1263 1143 Colchicis.

511 1169 623 1216 Quae
643 1169 740 1209 finis
757 1170 772 1209 2
804 1176 878 1209 aut
898 1169 1015 1223 quod
1035 1182 1100 1209 me
1121 1174 1262 1208 manet
1283 1167 1573 1221 stipendium?

285 1268 405 1309 ligabat
428 1273 460 1299 et
474 1267 641 1302 vinciebat,
657 1267 701 1298 ita
724 1268 805 1298 idem
828 1271 905 1298 retro
929 1272 1016 1297 actus

284 1321 338 1352 per
354 1310 426 1341 licia
441 1310 566 1341 remissa
580 1314 612 1340 et
625 1310 764 1340 revoluta
782 1320 834 1341 eos
850 1309 880 1339 vi
897 1308 1018 1349 magica

285 1352 426 1383 solvebat
457 1358 489 1383 et
523 1352 692 1382 liberabat:
725 1352 764 1382 de
795 1351 917 1381 turbine
954 1350 1018 1381 sive

285 1394 414 1425 rhombo
435 1394 557 1435 magico
576 1393 639 1424 vid.
657 1403 735 1434 quos
756 1393 863 1423 laudat
884 1392 1016 1423 Mitsch.

287 1435 371 1467 Hinc
387 1443 467 1467 retro
488 1447 604 1467 carmen
621 1446 709 1475 agere
726 1435 805 1465 dixit
822 1434 895 1467 Val.
911 1434 1018 1465 Flacc-

285 1477 309 1514 i,
326 1479 383 1509 781
403 1480 622 1519 sqq.jamjam
636 1478 782 1507 exorabile
795 1483 874 1507 retro
891 1476 1017 1506 Carmen

286 1531 389 1561 agens,
409 1531 500 1561 neque
522 1521 599 1550 enim
623 1525 693 1549 ante
713 1521 787 1550 leves
812 1521 899 1559 niger
919 1519 1018 1549 auehit

286 1564 405 1593 umbras
418 1563 551 1593 Portitor
567 1567 594 1592 et
610 1562 716 1591 vinctae
729 1561 813 1602 (haec
827 1560 909 1590 enim
924 1560 1018 1591 unice

285 1615 357 1635 vera
377 1610 425 1635 est
447 1604 553 1638 lectio,
568 1613 662 1644 quam
684 1613 739 1644 pro
764 1602 880 1643 inepta,
895 1609 1018 1638 ccmctae,

285 1645 364 1676 mira
382 1646 552 1687 sagacitate
567 1645 742 1685 nuperrime
759 1644 872 1674 Flacco
888 1643 1020 1674 restituit

286 1687 435 1719 Amiciss.
463 1685 610 1726 Jacobs.)
644 1688 735 1724 primi
767 1692 848 1716 stant
869 1686 1020 1727 faucibus

288 1730 372 1760 Orci.

327 1772 444 1802 8—18.
489 1771 585 1801 Movit
615 1776 757 1809 nepotem,
786 1773 861 1800 cett.
906 1771 1018 1801 Facete

285 1813 365 1844 ludit
389 1812 568 1850 Canidiam,
592 1812 666 1843 dum
695 1822 774 1848 eam,
799 1817 834 1842 ut
857 1811 1017 1843 mulierem

283 1854 540 1897 abjectissimam,
557 1865 628 1886 cum
649 1852 862 1884 illustrissimis
881 1853 1018 1894 antiqui·

285 1898 358 1928 tatis
385 1896 528 1927 heroibus
560 1895 729 1938 componit.
785 1895 937 1935 Telephus,
965 1906 1018 1927 rex

284 1940 462 1980 Mysorum,
487 1948 557 1968 cum
583 1944 691 1969 contra
714 1937 864 1973 Achivos,
886 1938 926 1968 ad
949 1937 1018 1978 ejus

283 1991 355 2012 oras
379 1980 534 2022 appulsOS,
548 1979 716 2010 exercitum
737 1979 887 2014 duxisset,
903 1985 934 2011 et
947 1980 1016 2010 vul-

285 2029 410 2054 neratus
424 2021 463 2052 ab
481 2021 606 2052 Achille
626 2026 657 2052 et
671 2021 810 2062 ejusdem
826 2031 899 2052 cura
916 2031 934 2051 a
948 2021 1017 2051 vul-

285 2075 358 2096 nere
385 2069 513 2094 sanatus
541 2073 610 2094 esse
641 2062 775 2093 dicitur:
809 2063 869 2093 vid.
899 2063 1017 2104 Hygia.

286 2108 362 2137 Fab.
381 2105 422 2136 ci.
439 2105 523 2135 Hinc
544 2105 637 2135 Ovid.
658 2104 753 2135 Trist.
770 2115 799 2141 v,
815 2106 847 2140 2,
866 2106 918 2141 15,
937 2105 1019 2136 Tele-

283 2150 361 2188 phus
375 2154 486 2178 oeterna
501 2153 669 2178 consumtus
686 2147 750 2176 tabe
764 2148 899 2185 perisset,
914 2147 945 2177 Si
962 2158 1019 2177 non

284 2201 348 2231 quae
358 2191 581 2226 noeuit‚dextra
593 2189 706 2218 tulisset
717 2199 812 2227 opem:
830 2189 870 2218 cf.
880 2189 1020 2230 Propert.

283 2231 317 2268 ii,
337 2233 367 2267 l,
385 2232 439 2262 65.
486 2231 624 2270 Nepotem
647 2230 801 2264 Neretum,
817 2235 914 2260 mater
932 2231 1014 2260 enim

285 2273 431 2308 Achillis,
446 2272 566 2308 Thetis,
584 2271 679 2302 Nerei
701 2271 764 2301 filia
782 2270 851 2302 suit.
900 2271 1016 2302 Unzere

284 2323 391 2346 matres
415 2315 581 2348 addictum,
603 2319 675 2345 cett.
697 2313 850 2348 Achilles,
874 2314 1017 2354 quamvis

284 2356 430 2388 Hectoris
453 2366 563 2397 corpus
586 2355 712 2386 alitibus
725 2361 756 2386 et
775 2355 905 2386 canibus
920 2355 1015 2386 desti-

285 2404 423 2434 naverat,
437 2403 554 2434 tamen,
570 2402 605 2428 ut
622 2397 700 2428 illud
718 2397 929 2438 sepeliendum
951 2397 1016 2428 suis

283 2441 434 2477 redderet,
459 2438 575 2470 Priami
598 2439 741 2480 precibus
764 2438 917 2469 adductus
947 2440 1015 2470 fuit.

289 2484 406 2514 Umere
419 2487 525 2512 matres
541 2482 608 2512 111·ae
619 2493 629 2518 ,·
653 2491 781 2522 corpora
802 2481 883 2511 enim
902 2481 1013 2522 sepeli-

283 2525 376 2561 enda,
391 2529 428 2555 ut
446 2523 521 2554 satis
539 2528 657 2558 notum,
675 2523 770 2553 lavari
789 2528 821 2553 et
835 2523 911 2564 ungi
932 2523 1012 2554 sole-

282 2568 369 2598 bant.
415 2565 506 2606 Virg.
526 2566 604 2596 AEn.
627 2565 668 2599 vi,
689 2566 751 2596 218
775 2564 813 2595 de
837 2565 1013 2606 sepeliendo

282 2609 422 2644 Miseno,
445 2608 523 2638 Pars
543 2608 654 2638 calidos
679 2608 781 2638 latices
803 2614 832 2637 et
854 2618 929 2637 aena
954 2618 1012 2638 un-

281 2653 390 2682 dantia
409 2651 544 2691 flammis
574 2649 757 2688 Expediunt,
781 2659 942 2689 corpusque
968 2651 1013 2679 la-

281 2699 354 2723 vam
354 2694 506 2734 frigentis
520 2698 548 2722 et
563 2698 685 2732 ungunt
697 2702 708 2728 ,-
732 2691 786 2721 ubi
802 2690 1015 2732 copiosissime

281 2735 321 2766 de
334 2735 394 2766 hoc
409 2734 470 2764 ritu
482 2733 546 2774 egit
557 2733 670 2764 Cerda.
693 2733 848 2763 Hectorem
860 2734 1014 2764 addictum

271 2778 354 2819 jeris
394 2777 527 2806 Alitibus
566 2781 654 2815 atque
694 2776 838 2811 cunibus;
875 2775 1015 2806 Achilles

280 2818 379 2854 enim,
397 2828 429 2849 se
449 2827 562 2858 corpus
579 2816 724 2848 Hectoris
738 2816 863 2847 alitibus
878 2821 908 2847 et
925 2816 1013 2847 cani-

280 2861 339 2892 bus
350 2859 557 2901 projecturum
569 2869 647 2894 esse,
660 2868 740 2900 saepe
754 2858 890 2889 minatus
904 2858 1012 2889 suerat.

282 2904 408 2933 Homer.
429 2900 523 2932 Iliad.
541 2900 629 2938 xxiii,
649 2899 874 2941 183,”Εκτορα
894 2899 920 2931 δ’
942 2901 1012 2932 οὔτι

277 2945 378 2976 Δώσω
400 2942 589 2986 Πριαμίδην
612 2943 693 2984 πυρὶ
718 2941 895 2983 δαπτέμεν,
921 2942 1010 2975 ἀλλὰ

1059 1265 1224 1297 κύνεσσιν.
1268 1266 1468 1300 Homicidam,
1488 1262 1709 1306 ἀνδροφόνον,
1730 1263 1790 1295 for-

1059 1307 1223 1339 tissimum.
1269 1308 1428 1347 Postquam
1450 1308 1560 1338 relictis
1578 1307 1719 1337 moem'bus
1739 1317 1791 1337 rex

1058 1351 1205 1388 procidit.-
1235 1359 1307 1390 sup.
1337 1350 1358 1384 i,
1392 1349 1442 1383 10,
1475 1349 1526 1384 14,
1559 1347 1702 1378 Priamus
1730 1348 1790 1378 Ilio

1059 1393 1173 1426 relicto,
1190 1396 1225 1421 ut
1246 1401 1356 1432 corpus
1378 1390 1522 1421 Hectoris
1543 1389 1717 1426 redimeret,
1737 1399 1791 1432 per

1060 1432 1252 1464 Mercurium
1280 1432 1319 1463 ad
1342 1432 1499 1463 Achillem
1525 1431 1638 1462 ductus
1663 1431 1790 1463 dicitur.

1062 1475 1249 1506 Pervicacis:
1273 1484 1342 1515 sup.
1358 1475 1379 1510 i,
1396 1475 1428 1510 6,
1444 1475 1475 1510 6,
1494 1473 1605 1504 Pelidae
1623 1475 1725 1504 eodm-e
1737 1485 1790 1505 ne-

1059 1519 1122 1548 scii.
1147 1518 1245 1547 setosa
1255 1518 1340 1547 duris
1348 1526 1452 1546 exuere
1461 1516 1587 1555 pellibus
1597 1527 1605 1544 .·
1619 1514 1658 1546 de
1669 1515 1794 1557 Ulyssis

1062 1558 1154 1589 sociis
1167 1569 1185 1589 a
1199 1558 1292 1589 Circa
1303 1558 1333 1588 in
1347 1567 1417 1588 sues
1427 1556 1566 1595 mutatis,
1575 1562 1607 1588 et
1619 1557 1659 1588 ab
1670 1558 1790 1595 eadem,

1064 1601 1177 1641 Ulysse
1197 1599 1393 1641 deprecante.
1412 1599 1558 1630 humanae
1579 1599 1685 1629 formae
1703 1600 1794 1631 resti-

1063 1643 1148 1679 tutis,
1161 1641 1223 1673 vid.
1239 1643 1368 1672 Homer.
1384 1641 1499 1683 Odyss.
1515 1652 1546 1672 x.
1590 1641 1687 1672 Selom
1701 1651 1789 1672 mem-

1062 1686 1115 1715 bra
1147 1686 1232 1715 duris
1263 1685 1401 1723 pestibus.
1430 1689 1599 1714 setosorum
1630 1693 1791 1724 porcorum

1060 1727 1199 1757 formam.
1244 1727 1408 1762 Laboriosi,
1438 1725 1546 1756 multis
1574 1724 1731 1756 laboribus
1759 1730 1792 1757 et

1061 1768 1207 1799 aerumnis
1234 1767 1412 1798 exercitati:
1441 1767 1484 1798 cf.
1514 1767 1620 1798 earm.
1649 1767 1792 1798 anteced.

1061 1821 1092 1842 v.
1106 1812 1158 1842 62.
1202 1809 1350 1840 Similiter
1373 1809 1504 1851 Ulysses
1523 1807 1580 1839 inf.
1599 1807 1699 1850 Epist.
1719 1809 1742 1845 i,
1760 1809 1791 1847 7,

1062 1854 1115 1888 40,
1130 1855 1246 1892 patiens
1259 1858 1398 1882 vocatur.
1436 1852 1533 1882 Notus
1546 1851 1648 1886 honor,
1663 1850 1792 1892 pristina

1061 1893 1205 1925 humanae
1221 1893 1326 1924 formae
1342 1892 1540 1935 pulchritudo
1553 1897 1584 1924 et
1597 1891 1744 1934 dignitas.

1107 1937 1242 1967 19-26.
1285 1936 1364 1966 Dedi
1386 1936 1457 1966 satis
1474 1945 1617 1975 superque
1635 1945 1791 1974 poenarum

1062 1979 1115 2009 tihi
1127 1991 1135 2008 .·
1155 1977 1303 2017 intelligit
1316 1977 1472 2008 cruciatus
1481 1987 1535 2019 per
1546 1975 1688 2008 Canidiae
1698 1986 1791 2008 vene-

1061 2020 1131 2050 ficia
1146 2020 1204 2050 sibi
1219 2019 1362 2061 injectos,
1376 2029 1454 2060 quos
1469 2019 1533 2061 ipse
1555 2017 1659 2050 statim
1674 2017 1790 2050 descri-

1061 2062 1119 2092 bit.
1163 2063 1271 2092 Amata
1287 2063 1389 2092 nautis
1401 2062 1530 2091 multum
1543 2067 1571 2091 et
1586 2061 1790 2092 institoribus:

1063 2103 1178 2135 fecerat
1205 2103 1300 2145 igitur
1326 2103 1399 2134 olim
1428 2102 1564 2134 Canidia
1593 2102 1708 2144 cuique
1736 2113 1791 2144 pro

1062 2146 1202 2176 mercede
1222 2145 1270 2176 sui
1293 2146 1436 2186 copiam:
1460 2155 1528 2186 sup.
1548 2143 1593 2180 iii,
1609 2146 1640 2181 6,
1661 2145 1716 2181 30,
1732 2145 1791 2176 Seu

1064 2193 1145 2217 vocat
1160 2189 1291 2222 institor,
1307 2187 1364 2216 Seu
1378 2189 1462 2217 navis
1478 2187 1621 2226 Hispana
1637 2188 1790 2228 magister,

1060 2229 1242 2259 Dedecorum
1261 2230 1406 2268 pretiosus
1420 2234 1523 2259 emtor.
1568 2228 1616 2258 Fu
1637 2230 1662 2259 it
1673 2231 1789 2268 Juven-

1058 2276 1115 2307 ιαε,
1140 2276 1216 2301 cett.
1241 2270 1349 2301 acerbe
1371 2269 1508 2310 exagitat
1528 2270 1608 2301 Cani
1634 2269 1670 2301 iae
1694 2275 1791 2302 artem

1059 2313 1224 2352 magicam,
1252 2312 1325 2342 dum
1355 2311 1424 2352 ejus
1448 2312 1478 2342 vi
1505 2321 1539 2342 se
1567 2321 1651 2342 nunc
1679 2312 1790 2344 misere

1059 2355 1206 2385 macerari
1220 2359 1250 2385 et
1264 2354 1480 2385 contabescere
1494 2353 1595 2394 fingit.
1641 2353 1791 2385 Verecun-

1059 2398 1114 2426 dus
1128 2397 1220 2431 color,
1237 2396 1340 2430 rubor,
1356 2395 1440 2426 color
1454 2394 1668 2427 verecundiae:
1692 2395 1790 2429 Ovid.

1058 2438 1140 2469 Met.
1154 2437 1177 2474 i,
1190 2439 1264 2473 484,
1277 2438 1411 2468 Pulchra
1422 2439 1587 2469 verecundo
1598 2447 1634 2467 su
1659 2439 1790 2470 unditur

1057 2491 1109 2510 ora
1138 2482 1254 2510 rubore.
1310 2480 1445 2520 Reliquit
1474 2490 1548 2514 ossa,
1574 2479 1622 2519 pel
1678 2481 1789 2512 amicta

1057 2522 1173 2557 lurida,
1198 2522 1329 2564 pulchre
1353 2532 1407 2563 pro
1427 2520 1559 2562 vulgari,
1583 2526 1720 2552 mutatus
1743 2527 1790 2553 est

1055 2563 1088 2594 in
1104 2564 1251 2595 luridum.
1301 2564 1371 2595 Tuis
1393 2564 1523 2604 capillus
1535 2564 1621 2594 albus
1633 2569 1677 2595 eat
1689 2565 1788 2595 odori-

1056 2606 1120 2641 bus,
1144 2606 1206 2637 tuis
1227 2605 1492 2637 incantationibus
1518 2614 1683 2637 canescere
1709 2605 1788 2636 inci-

1057 2647 1128 2689 pio3
1151 2659 1204 2690 per
1225 2650 1323 2679 odores
1344 2647 1484 2688 intellige
1506 2647 1616 2678 herbas
1637 2647 1787 2688 magicas,

1057 2689 1228 2738 φάρμακα.
1272 2690 1462 2731 Comparant
1485 2688 1642 2720 Theocrit.
1672 2688 1706 2727 ii,
1733 2690 1787 2726 88,

1057 2742 1111 2772 qui
1127 2743 1188 2774 prae
1211 2741 1314 2763 amore
1333 2730 1520 2762 tabescentis
1542 2730 1708 2770 imaginem
1729 2731 1785 2762 ad-

1058 2774 1179 2805 umbrat
1206 2773 1264 2808 sic,
1292 2773 1359 2804 Καί
1384 2783 1443 2815 μευ
1472 2770 1562 2825 χρὼς
1590 2772 1651 2814 μὲν
1673 2771 1787 2813 ὁμοῖος

1055 2815 1182 2858 ἐγίνετο
1199 2814 1344 2847 πολλάκι
1358 2814 1466 2856 Θάψῳ·
1498 2812 1626 2868 Epium!
1641 2813 1668 2846 δ’
1686 2814 1719 2846 ἐκ
1735 2827 1784 2846 κε-

1056 2859 1167 2897 φαλᾶς
1201 2859 1309 2889 πᾶσαι
1343 2869 1362 2888 τ
1385 2857 1462 2897 ἔχες·
1494 2856 1582 2888 aurci.
1614 2854 1647 2887 δὲ
1680 2857 1786 2889 λοιπὰ

1055 2899 1156 2931 'Ona-k*
1171 2899 1216 2931 ἔτ’
1232 2899 1271 2938 ἧς
1288 2899 1339 2930 καὶ
1355 2869 1469 2940 ιξὲρμα.
1513 2898 1564 2928 Me
1580 2899 1720 2934 reclinat,
1736 2909 1785 2930 me

1055 2941 1242 2983 requiescere
1264 2941 1350 2973 sinit.
1395 2947 1420 2972 A
1443 2941 1550 2976 labore,
1574 2939 1686 2971 amoris
1706 2946 1784 2972 aestu
